3209 4967
418 498 491 571 tu
540 495 838 569 ctutum
888 456 1016 571 tus
1110 523 1186 601 ¹109

222 656 360 720 sateremr.
379 658 435 719 Hio
448 629 602 718 Bucitatum
618 655 710 718 nescio
721 655 798 740 qqod
816 656 967 737 oppidum,
979 612 1185 739 nunquumisan.

223 739 264 800 do
274 740 399 799 auditum
415 738 605 800 emendatores
615 738 748 799 condunt.
761 756 818 829 ego
833 739 924 818 potius
940 737 1095 819 scripturam
1111 740 1165 802 sals
1176 778 1186 791 -

224 820 296 881 riam
316 837 401 903 puto,
423 820 668 901 scribendumque,
682 822 711 880 iu
734 820 931 894 buccinarum,
954 820 1001 881 vel
1018 822 1112 901 potius
1128 846 1185 886 uno
1231 864 1235 875 ι

224 903 334 975 verbo,
363 902 548 963 imbuciuaturu
569 905 705 982 euripuunr
727 900 850 981 oppidum
876 902 1003 981 exigebat.
1028 900 1120 963 Varro
1138 902 1187 967 ¹de

223 980 268 1043 Re
291 982 410 1045 rustica:
425 984 555 1043 Subultus
574 985 643 1043 debet
665 980 857 1063 confiuejircere,
877 998 907 1040 ut
924 982 1012 1042 omnia
1021 982 1131 1063 faciunt
1149 988 1187 1047 ud

224 1064 377 1125 buccinam:
393 1059 542 1145 primocum
560 1065 731 1145 incluserunt,
743 1084 800 1123 cum
818 1053 984 1123 bucciletum
998 1064 1032 1144 est
1045 1067 1185 1145 aperiunt,

224 1163 254 1203 ut
270 1146 339 1206 exire
362 1144 459 1226 pafflut
473 1147 502 1205 iu
525 1167 581 1205 eum
597 1146 698 1218 locunt,
721 1144 766 1203 ubi
783 1146 903 1203 hordeum
915 1144 1006 1225 fhsum
1024 1148 1053 1204 in
1071 1146 1187 1228 longitu-

224 1226 285 1287 dine
298 1229 345 1305 stt.
367 1226 458 1308 Hujus
473 1228 556 1287 etiam
575 1224 776 1289 consuetudinis
797 1226 825 1283 in
838 1223 957 1285 historiis
973 1221 1106 1307 Polybius
1124 1248 1188 1290 me-

225 1310 314 1387 minit.
334 1306 381 1367 Est
398 1309 444 1388 qui
460 1308 489 1367 iu
505 1308 671 1381 luciterum,
688 1306 715 1367 id
732 1305 771 1367 esl
781 1352 791 1379 ,
801 1324 891 1385 potunt
905 1307 1030 1381 citatum,
1046 1311 1187 1388 interpre-

224 1402 305 1449 tetur.
329 1388 484 1451 TURNEB.
511 1386 626 1451 Facesfit
648 1390 789 1471 negotium
813 1386 970 1449 doctiffimis
988 1389 1055 1449 viris
1079 1391 1123 1450 hic
1145 1392 1189 1451 lo·

191 1477 194 1482 '
216 1488 274 1529 ‚cus
285 1513 294 1542 ‚
304 1490 392 1550 neque
405 1467 560 1533 immerito:
571 1471 641 1530 adeo
657 1492 686 1529 ut
699 1470 822 1550 pluribus
841 1468 932 1529 modis
946 1488 1061 1531 conatus
1072 1469 1104 1533 stt
1114 1470 1198 1532 Tur·-

194 1566 204 1581 ’
225 1551 314 1611 nebus
336 1572 433 1626 veram
449 1551 595 1613 lestkonem
610 1551 748 1633 indagare.
768 1550 830 1623 sed,
846 1568 877 1612 ut·
890 1552 921 1613 δι
943 1548 998 1631 ipse
1016 1551 1132 1633 ingenue
1147 1553 1188 1615 fa-

226 1646 318 1709 tetur,
338 1630 434 1693 frustra
454 1635 580 1698 tentavit.
599 1631 660 1693 Nos
686 1651 796 1704 autem,
817 1629 866 1691 nist
885 1630 1006 1691 nostrum
1024 1652 1075 1692 nos
1096 1653 1188 1774 aupit-

224 1713 299 1776 tium
319 1712 406 1789 fallit,
423 1714 495 1775 nulla
510 1724 589 1795 paene
606 1714 799 1775 immutatione
812 1712 848 1777 ad
867 1733 965 1783 veram
982 1712 1117 1774 Varronis
1141 1736 1201 1791 eu-¹

224 1797 339 1854 tentiam
357 1797 542 1877 pervenimus.
560 1793 714 1858 Censemus
729 1795 820 1866 enim,
837 1809 867 1853 ut
885 1814 927 1853 ces
943 1791 1000 1873 ipsa
1018 1794 1095 1867 mult,
1106 1796 1200 1863 itale·¹

228 1875 366 1956 gendum:
383 1879 465 1954 Quod
479 1898 511 1936 ea
528 1897 607 1955 pecus
620 1878 649 1937 iu
666 1875 755 1935 bucita
774 1892 829 1932 tum
845 1876 979 1953 antiquum
991 1875 1114 1953 oppidum
1133 1878 1190 1936 exi.

226 1956 313 2036 gebat.
329 1957 437 2032 Bucira,
452 1956 496 2017 seu
513 1960 604 2030 buceta
615 1966 704 2038 (nam
718 1971 865 2035 utrumque
880 1956 1007 2035 reperio)
1017 1954 1109 2036 glossae
1119 1978 1189 2019 mete

227 2054 342 2097 veteres·
355 2039 563 2119 interpretantur
579 2038 697 2119 pascua,
714 2037 761 2097 ubi
779 2038 884 2096 cientur
901 2036 1000 2097 bovesr
1020 2034 1110 2115 Quod
1121 2040 1191 2121 glos·

226 2116 303 2177 sema
320 2137 376 2177 non
398 2116 485 2179 solum
501 2119 583 2180 nobis
609 2136 731 2179 mentem
749 2116 886 2177 Varronis
910 2118 1015 2198 aperit,
1034 2119 1081 2178 led
1105 2122 1190 2181 etiam

227 2215 347 2280 etymon
393 2215 502 2264 raeterea
520 2222 572 2281 pro
590 2199 700 2278 cumulo
723 2198 810 2260 addit.
834 2218 927 2279 neque
941 2196 1026 2259 semel
1047 2200 1085 2261 ita
1102 2204 1190 2283 reperi

226 2280 253 2337 in
271 2278 337 2362 ipsis
353 2221 454 2362 gidffis.
474 2278 565 2359 Quod
581 2280 603 2341 st
617 2280 681 2363 ipsae
700 2280 754 2341 ltoc
768 2300 825 2340 non
837 2279 1011 2353 monuissent,
1021 2295 1113 2342 tamen
1129 2287 1190 2359 ejus

229 2362 266 2419 rei
290 2359 394 2441 sempe‘r
420 2363 586 2442 locupletem
613 2362 753 2423 austorem
780 2360 903 2425 Gellium
920 2360 1029 2422 laudare
1056 2365 1144 2443 potui.
1162 2364 1196 2425 ls'

133 2460 136 2465 ·
227 2442 300 2501 enim
311 2440 356 2501 lib.
379 2462 424 2514 ιι,
434 2463 458 2502 c.
476 2465 487 2503 1
502 2446 538 2503 ita
554 2442 662 2504 scribit:
676 2445 787 2504 Timaeus
802 2442 830 2501 iu
848 2439 971 2523 historiis,
992 2464 1058 2523 quas
1074 2444 1189 2507 oratione
1235 2504 1239 2512 ,

230 2521 323 2583 Graeca
336 2529 367 2584 de
380 2525 454 2582 rebus
475 2526 569 2607 pupuli
590 2529 666 2586 Rom.
690 2523 851 2605 compoficit,
868 2524 953 2584 (cM.
974 2526 1056 2583 Varro
1075 2526 1102 2582 in
1120 2530 1190 2587 auri-

231 2602 377 2683 quitatibus
398 2623 479 2663 rerunt
497 2608 686 2678 humanarum,
709 2625 803 2666 terrum
828 2604 935 2665 ltaliam
953 2606 984 2663 de
1002 2604 1093 2665 Grucu
1112 2628 1191 2666 vocc-

229 2684 290 2743 bulo
303 2685 463 2767 appellatam
475 2685 651 2768 scripserunt,
663 2686 784 2766 quoniam
798 2686 876 2745 boves
898 2686 989 2745 Gruca
1005 2687 1084 2745 ueteri
1097 2686 1190 2767 lingua

228 2762 326 2826 ituucl
342 2768 452 2828 vocitati
462 2769 535 2848 fient.
555 2788 660 2847 quorum
677 2769 706 2826 in
723 2767 808 2825 Italia
831 2786 927 2845 magne
943 2766 1017 2846 copia
1026 2765 1191 2846 fizitfiuce·

229 2857 306 2926 tuque
319 2848 346 2905 iu
366 2870 397 2908 eu
417 2867 483 2911 terra
498 2850 573 2927 gigni
587 2848 710 2927 pascique
722 2848 805 2927 fiilitu
813 2850 869 2927 fini
885 2845 1035 2928 compluria.
1052 2846 1121 2909 Haec
1136 2848 1188 2919 ille.

229 2927 276 2986 ubi
290 2929 486 3069 int'eerpolarunt
503 2928 621 2989 audaces
636 2930 780 3003 homines,
798 2930 947 3009 litteraque.
962 2924 1029 2987 Scio
1042 2930 1190 3009 equidem,

378 3032 393 3071 e

227 3008 318 3068 bucera
416 3028 553 3069 armenta:
572 3009 617 3069 sed
634 3009 785 3069 nescierunt
811 3010 818 3069 i
840 3007 879 3082 st,
900 3008 972 3091 pasci
992 3009 1036 3068 ltic
1052 3009 1105 3069 elle
1131 3032 1189 3073 non

228 3089 316 3168 νέμειν
322 3088 388 3163 ‚sed
402 3092 540 3169 νέμεσθαι
554 3090 669 3172 paffive.
684 3089 813 3151 Sidonius
851 3088 912 3171 pisl.
938 3110 969 3149 11
988 3089 1036 3150 lib.
1056 3092 1191 3153 11:1uur

224 3188 315 3251 greges
339 3172 541 3232 tintinabulatos
560 3196 607 3255 per
624 3174 728 3267 depulsa
749 3173 840 3231 buceta
855 3171 998 3232 reboantes.
1021 3168 1120 3251 Quare
1136 3174 1206 3233 hoc‘

229 3250 397 3313 vocabulum
420 3272 494 3312 nunc
512 3274 631 3333 pntnum
647 3271 806 3314 excitature
821 3240 977 3334 pulvere&
998 3250 1069 3328 situ,
1084 3253 1131 3313 ubi
1142 3255 1189 3317 diu

227 3333 386 3413 ignoratum
399 3336 520 3396 latuerat.
543 3335 630 3395 Recte
641 3336 721 3415 igitur
734 3332 851 3409 uano„
865 3334 1008 3415 Mugionis
1021 3349 1129 3414 portam
1145 3336 1191 3397 di-

229 3417 301 3472 ctam
319 3436 337 3473 a
358 3418 484 3495 mugiente
509 3437 624 3497 pecore,
642 3418 671 3475 id
693 3412 731 3476 est
748 3416 863 3486 bubulo,
888 3415 966 3496 quod
986 3435 1019 3475 ea
1039 3416 1074 3475 ad
1091 3415 1191 3498 pascua

228 3492 274 3553 sua
294 3496 453 3576 ,exigeretur
478 3494 514 3556 ab
543 3498 657 3577 antiquo
679 3497 813 3577 oppidonc
821 3495 1050 3578 Quotiescunque
1073 3498 1192 3560 historici

228 3574 348 3635 Romani
363 3578 457 3658 oppidi
471 3581 641 3639 mentionem
659 3575 772 3650 faciunt,
790 3577 913 3659 nihilque
928 3594 1059 3658 ptaeterea
1075 3579 1191 3653 addunt,

227 3674 286 3715 non
308 3656 424 3717 dubium
441 3657 498 3732 est,
515 3661 657 3741 antiquam
681 3658 806 3723 Romam
827 3659 957 3739 intelligi,
971 3680 1055 3741 quam
1072 3660 1191 3741 quadra·

227 3752 287 3797 tam
302 3738 420 3797 vocavit
435 3736 558 3801 Ennius:
578 3742 618 3799 Ee
635 3741 728 3819 quibus
747 3740 879 3820 exstiterat
896 3744 986 3800 Romu
1004 3760 1109 3820 regnare
1125 3762 1190 3820 qun·

229 3823 318 3878 druta.
335 3817 444 3878 Idcirco
465 3816 554 3881 scribit
571 3820 636 3882 Liv.
655 3821 702 3880 lib.
719 3841 776 3899 45:
799 3821 833 3881 In
850 3823 946 3903 oppido
962 3820 1100 3880 Mineruio
1114 3824 1192 3879 duas

225 3917 334 3978 portas,
351 3897 453 3958 &nturi
466 3902 627 3981 aliquantum
643 3904 674 3960 de
689 3905 749 3961 culo
770 3906 873 3961 tullum.
891 3902 972 3983 lego:
988 3902 1020 3959 lu
1029 3903 1124 3983 oppidu
1132 3902 1189 3961 Mi·

229 3983 313 4042 nervii
328 3983 398 4043 duas
409 3999 523 4063 portus,
538 3984 584 4046 vel
599 3981 691 4065 partes
712 3984 770 4049 &o
788 3982 902 4067 Ignorat
924 3983 1000 4045 enim
1022 3981 1190 4047 dodliffimus

1352 2128 1366 2155 Ο
