3209 4967
417 518 839 624 turtureum
888 519 955 592 vr.
1111 493 1224 597 161·

213 684 251 744 ab
273 702 309 744 eo
323 681 462 744 dicuntur:
479 681 625 742 Plutarcho
641 680 790 758 ellubie,
810 696 920 765 propter
940 680 1101 764 quadratam
1126 676 1178 746 de-

215 763 400 846 scriptionem.
430 764 563 826 Sentio.
586 763 665 824 Idem
680 767 712 825 in
734 767 874 847 margine:
906 765 1023 845 Quaqua
1043 766 1177 828 intuerartt

217 848 295 905 ocull.
348 898 357 905 .

258 927 304 986 lin.
326 924 361 984 18
378 925 415 1005 sq.
435 926 470 985 Id
486 928 519 1009 esl
537 930 591 1008 (ut
607 925 647 984 etit
670 917 786 987 Naeuius
803 926 831 984 in
846 926 1052 1007 Hemispltaerio)
1069 928 1114 988 ubi
1130 944 1179 988 ter.

217 1026 249 1065 ra
267 1006 361 1067 carulo
379 1009 479 1088 septum
498 1006 585 1088 flea]
612 1005 651 1066 Le
670 1025 705 1067 o:
721 1009 817 1085 Idesl,
837 1026 866 1067 ut
880 1009 920 1067 aie
941 1010 1073 1082 Neuius,
1096 1009 1178 1067 leemi-

211 1088 371 1167 spluerium,
395 1091 439 1146 ubi
459 1090 567 1158 coneha*
580 1026 675 1149 cerreda
690 1091 792 1169 septum
801 1092 866 1170 slat.
886 1088 940 1148 Hic
953 1089 1089 1170 eleganter
1108 1111 1177 1149 con·

216 1188 289 1227 cava
307 1170 365 1229 caeli
379 1171 540 1229 convexitas
557 1189 634 1229 more
648 1173 801 1250 tegumenti
822 1170 980 1230 &concha
999 1172 1177 1231 concamera-

215 1267 245 1309 ta
260 1251 291 1309 &
307 1266 421 1310 curvata
441 1251 604 1332 intelligitur.
625 1249 660 1329 Er
675 1252 739 1331 quia
757 1250 792 1308 ad
813 1251 911 1311 caelum
931 1252 1063 1332 pertinet,
1083 1250 1178 1313 Caele-
1237 1250 1239 1258 ’

216 1329 264 1388 llis
281 1329 343 1391 Dea
357 1331 574 1405 aTertulliano,
591 1330 752 1412 Spartiarto,
766 1331 826 1390 aliis
845 1348 1014 1403 memorata,
1030 1354 1098 1409 nec,
1114 1352 1177 1414 quae

214 1410 268 1481 stt,
284 1411 454 1502 intelligipur:
471 1412 563 1475 dicam
586 1415 629 1473 hic
651 1413 758 1485 obiter,
783 1416 916 1473 [startiam
939 1412 1002 1475 elle.
1027 1412 1103 1481 Dio,
1123 1412 1176 1477 ‘rire

218 1486 355 1574 Οὐρανίαν
371 1512 421 1556 mu
438 1491 493 1564 τῶν
509 1492 711 1576 Kupqqndom'ur
729 1490 897 1573 ἐπελέξατο.
922 1494 1075 1557 TURNEB.
1091 1493 1179 1555 Tem·
1276 1546 1281 1559 .

216 1574 293 1655 plum
309 1574 391 1647 jovis
405 1575 571 1635 altitonantis
590 1579 781 1656 interpretatur
802 1596 837 1634 ex
851 1576 945 1635 verbis
965 1574 1074 1647 Naevii‚
1092 1578 1189 1636 hemi·'

216 1654 365 1732 sphaerium
386 1655 526 1737 superius,
544 1656 591 1715 ubi
611 1658 694 1717 aetber
717 1654 890 1734 conspicitur.
909 1654 992 1717 Plane
1008 1678 1041 1716 ex
1056 1656 1178 1739 vestigiis

217 1754 344 1799 veterum
361 1736 521 1796 excusorum
540 1738 563 1797 le
584 1738 702 1808 endum,
720 1739 766 1795 ubi
791 1739 873 1797 aerlrra
886 1738 979 1796 cerula
992 1739 1093 1817 septum
1103 1741 1177 1819 slat:
1248 1786 1256 1806 ,

217 1816 379 1899 videturque
391 1819 445 1879 elle
461 1818 555 1877 versus
566 1758 668 1878 ilaevii
681 1817 716 1876 ad
735 1818 808 1876 hunc
826 1817 942 1877 modum
959 1820 1177 1893 concinnandus,

260 1902 324 1957 Hoc
339 1900 384 1957 ubi
401 1901 481 1959 atleta
499 1901 592 1959 careda
606 1903 707 1979 septum
722 1900 770 1975 slat
784 1900 998 1979 hemispherium.

215 1976 280 2058 Qui
306 1995 421 2059 putant,
435 1981 477 2038 hic
497 1980 630 2038 Naevium
654 1980 731 2038 citari
754 1981 782 2037 in
802 1979 1022 2059 Hemisphzerio,
1048 1990 1193 2060 tanquamx

214 2061 297 2120 fuerit
315 2061 379 2119 illud
392 2081 492 2141 poema
508 2055 618 2130 Naevii,
632 2080 688 2139 non
705 2061 877 2131 mediocriter
894 2060 1027 2123 falluntur.
1045 2060 1179 2123 Scitum.

259 2141 306 2202 lin.
320 2162 358 2215 24
371 2141 408 2221 sq.
424 2142 574 2221 concipitur
582 2142 681 2200 verdeis
697 2163 749 2199 non
766 2144 856 2222 iisdem
873 2144 1059 2223 usquequaque.
1075 2145 1107 2201 In
1120 2164 1179 2203 erec

214 2224 293 2296 item,
311 2225 431 2303 Teslaque
448 2242 515 2282 meta
530 2224 611 2301 sumo
627 2224 704 2302 detq]
716 2220 806 2282 Locus
817 2222 971 2285 mendosus.
982 2226 1179 2287 AUGUSTIN.

215 2302 249 2363 ln
275 2304 387 2377 verbis,
412 2305 513 2382 quibus
536 2304 638 2383 templa
660 2305 905 2383 concipiebantur,
927 2324 1029 2387 magna
1055 2302 1094 2365 est
1124 2306 1179 2363 ob·

215 2382 329 2443 scuritas
348 2385 387 2445 ob
409 2384 535 2445 dictionis
562 2385 674 2445 vitium.
693 2383 1011 2479 Egoqeamdormulant
1032 2402 1119 2445 totam
1139 2384 1178 2445 stc

217 2482 289 2544 puto
315 2467 524 2547 concipiendam
543 2464 612 2527 elle:
630 2466 662 2523 ln
687 2486 745 2523 arce
771 2487 811 2527 tc:
829 2466 923 2546 templa
946 2469 1063 2545 testaque
1086 2466 1121 2523 mi
1136 2467 1178 2526 ita

211 2548 311 2626 struto,
327 2550 415 2625 quoad
429 2567 474 2625 ego
489 2570 520 2605 ea
537 2545 584 2625 effe
600 2546 695 2616 velim,
712 2568 763 2624 qua
773 2568 964 2627 nuncupavere.
983 2547 1047 2607 olle
1058 2539 1118 2625 §a
1135 2569 1179 2605 ar-

214 2631 282 2699 bos,
302 2629 419 2709 quisquis'
440 2630 489 2709 esi,
510 2648 588 2706 quum
606 2642 644 2686 me
660 2627 743 2705 sentio
767 2626 880 2705 dixisse,
899 2628 1016 2706 templum
1037 2630 1179 2707 tescumque

216 2708 267 2787 eslo
282 2708 459 2787 infinislrum.
480 2710 549 2768 Ollez'
556 2707 618 2788 sera
636 2710 731 2780 arbos,
753 2706 883 2786 quidquid
895 2709 937 2787 esi,
957 2710 1028 2787 quod
1043 2730 1081 2765 me
1090 2710 1182 2785 sentio
1239 2758 1256 2767 -

215 2788 330 2874 ‘llxlffisa
344 2789 463 2866 templum
483 2792 622 2869 tescumque
645 2790 693 2866 eslo
716 2790 743 2842 in
760 2790 890 2848 dextrum.
905 2788 981 2846 Intra
997 2810 1028 2845 ea
1044 2784 1179 2869 conregio-

217 2892 267 2942 ne,
282 2871 445 2949 conspiciunt
453 2915 464 2941 ,
481 2872 653 2942 cortumione,
668 2869 756 2945 utique
769 2891 799 2925 eu
815 2866 938 2944 reiliffime
953 2868 1030 2948 senfi.
1048 2872 1113 2929 Feru
1135 2893 1180 2930 ar·

217 2952 265 3009 bos
289 2950 332 3009 ltic
352 2950 468 3022 dicitur,
484 2969 515 3009 ut
525 2948 587 3030 sera
607 2950 675 3006 vitis
693 2949 815 3027 opodatn
832 2952 861 3006 in
879 2947 966 3008 Nonii
982 2950 1054 3009 loco'.
1075 2952 1181 3031 Tescum

216 3048 313 3092 autem
333 3030 477 3091 reclillime
495 3030 679 3091 emendatum
712 3045 796 3109 puto,
819 3029 1004 3099 cumearro
1029 3029 1085 3111 ipse
1109 3031 1181 3093 ultro

217 3133 286 3171 mox
309 3116 375 3192 tesca
400 3115 604 3194 interpretetur,
626 3113 657 3172 ὅ(
681 3113 748 3191 resia
769 3112 912 3183 acuendo,
939 3126 969 3169 ut
985 3114 1091 3190 tuesia,
1108 3111 1182 3173 dida

216 3191 335 3253 censeat.
357 3193 432 3252 Nam
458 3197 562 3272 testum,
578 3193 654 3274 quod
674 3194 717 3251 hic
736 3191 904 3265 incubabat,
921 3192 1119 3252 exturbandum
1140 3191 1181 3254 est
1236 3212 1240 3223 ¹

217 3294 352 3355 praeceps.
363 3275 515 3336 Tuum-213.
528 3275 559 3334 ln
573 3275 629 3332 hoc
642 3274 708 3331 loco
721 3289 778 3331 tam
788 3270 927 3353 insigniter
937 3274 1089 3353 depravato
1100 3274 1181 3333 multi

216 3354 389 3415 desudarunt.
400 3357 468 3430 sed,
481 3372 509 3414 ut
522 3376 621 3415 verum
639 3354 734 3425 fatear,
752 3374 851 3413 omnes
865 3354 933 3412 mibi
949 3354 1078 3413 videntur
1091 3352 1180 3419 lustlle

217 3457 343 3517 operam
358 3435 419 3518 Ego
457 3458 547 3516 uoque
560 3436 661 3515 aliquid
679 3435 799 3495 tentabo.
819 3434 893 3514 quod
910 3432 1008 3494 finibil
1025 3434 1180 3515 profecero,
1257 3488 1259 3507 ,

216 3518 320 3577 merito
344 3538 407 3577 cunt
422 3458 474 3575 illis
489 3536 601 3597 quoque
618 3516 725 3575 luserim
745 3533 871 3593 operam.
893 3514 933 3574 lta
951 3518 1031 3598 igitur
1048 3516 1179 3576 emenda·

217 3617 299 3659 mus:
325 3598 476 3677 concipitur
487 3600 571 3657 verbis
590 3618 642 3655 non
664 3597 752 3675 itsdem
772 3600 963 3677 usquequaque:
980 3598 1008 3657 in
1025 3618 1081 3655 arce
1095 3614 1181 3657 aretem

208 3683 252 3759 fic
261 3724 274 3751 ‚
293 3679 369 3759 Testa
392 3682 507 3736 dumella
516 3681 618 3759 sunto,
637 3680 726 3757 quoad
748 3699 794 3758 ego
814 3679 879 3757 caste
901 3678 994 3759 lingua
1011 3697 1182 3758 nuncupaue-

216 3783 256 3821 ro.
280 3759 337 3820 olla
360 3777 430 3818 veter
446 3760 535 3832 arbor,
547 3754 661 3840 quisquis
681 3761 731 3839 esi,
748 3781 824 3837 quem
840 3780 877 3816 me
890 3758 976 3835 sentio
998 3756 1110 3835 dlxrffe,
1122 3776 1182 3815 tem·

213 3842 312 3921 plum,
329 3841 526 3919 cellamqueeslo
538 3840 726 3919 insnislerum.
747 3839 803 3897 olla
819 3857 889 3897 veter
905 3842 995 3911 arbor,
1010 3838 1128 3917 quisquis
1136 3838 1181 3917 esi,

216 3922 346 4001 quidquid
362 3922 416 4001 esl,
434 3924 503 3999 quod
520 3942 558 3978 me
576 3921 662 3998 sentio
681 3920 793 3999 diuise,
811 3919 947 3996 templum,
973 3924 1111 3996 tectumque
1131 3920 1181 3999 eslo

218 4006 249 4065 in
273 4008 403 4063 dexterum
427 4003 498 4059 imre
528 4022 574 4074 ea,
593 4002 765 4076 comeciam,
793 4000 973 4083 conspiciunt,
1006 3998 1180 4076 cornemium,

225 4163 230 4171 .
318 4092 369 4164 M.
391 4088 429 4161 T.
455 4092 569 4164 Varro.
588 4088 663 4158 Vol.
679 4086 728 4159 ΙΙ.
918 4182 920 4189 y
961 4084 1002 4191 L
