3209 4967
404 469 476 544 228
583 429 587 456 ⁴
723 461 1015 534 sonu
1135 407 1137 412 ’

399 646 473 690 rores
500 624 652 705 scr'ptooes.
673 621 706 684 ld
728 641 782 682 nos
805 620 951 688 admonuit
974 619 1018 680 vir
1037 617 1272 700 incomparabilis,
1288 627 1374 699 quem

402 705 512 771 nonnis
535 702 692 766 honorifice
720 703 860 785 appellare
883 701 1030 775 debemus,
1055 700 1193 762 Adrianus
1217 697 1375 766 Turnebus,

304 815 309 824 ¹
404 792 542 853 Seruio.

442 885 488 943 lin
508 903 555 963 ις.
571 883 617 941 Ab
629 882 706 942 oculo
719 880 836 960 coerce]
852 878 920 941 Non
936 878 1051 940 dubium
1064 874 1118 952 est,
1130 878 1223 959 quina
1238 876 1371 954 κύκλωψ.

401 963 448 1025 Sic
466 963 592 1042 duplices
609 961 776 1024 Graecorum
795 961 889 1022 literas
913 959 1067 1021 desinentes
1084 958 1173 1020 Latini
1189 976 1295 1020 mutant
1308 962 1335 1018 in
1342 955 1375 1020 S.

399 1043 543 1123 osmod,
557 1044 667 1107 Cocles.
682 1041 831 1121 ἀλώπηξ,
848 1042 954 1102 AEolice
965 1038 1138 1120 Frusinati,
1153 1041 1295 1122 Valopes:
1311 1059 1374 1122 quae

402 1126 504 1187 deinde
530 1128 651 1208 volpes,
671 1145 727 1187 non
742 1124 869 1203 volipes,
884 1138 915 1181 ut
929 1121 1029 1182 Varro.
1048 1122 1180 1184 Senum.

453 1218 500 1278 lin.
519 1219 564 1279 16.
587 1219 723 1298 Quocirca
747 1216 951 1278 incarcatione
979 1217 1027 1295 eJl,
1051 1216 1096 1274 De
1114 1215 1234 1276 corliutm
1245 1215 1375 1294 prosapia

403 1316 428 1359 re
449 1297 497 1379 effe
513 1298 656 1380 arbitron]
678 1298 746 1359 Non
764 1297 802 1357 de
821 1297 1012 1359 Romanorum
1029 1294 1171 1359 Coclitum
1191 1294 1310 1368 samilia,
1326 1293 1374 1357 sed

370 1435 373 1441 .
404 1378 560 1460 Arimaspis
575 1378 677 1457 dislum
691 1379 828 1460 intelligo,
838 1380 886 1459 qui
901 1393 977 1439 erant
992 1381 1008 1452 s
1016 1396 1046 1438 ut
1061 1375 1178 1438 historici
1191 1377 1375 1459 scripserunt,

401 1458 467 1533 etsi,
485 1474 516 1519 ut
530 1458 677 1539 existitno,
694 1459 782 1533 fallis)
802 1458 922 1519 unoculi.
942 1457 1092 1520 Turrim.

429 1551 490 1612 nin.
517 1549 562 1610 18.
586 1552 668 1629 Quod
689 1553 723 1630 ess
743 1553 817 1630 aprrd
843 1549 968 1628 Caffium,
991 1545 1075 1610 'Noae
1096 1549 1245 1630 intempesta
1265 1549 1376 1630 nostram

394 1633 510 1691 ¹devenit
524 1636 660 1712 domum]
682 1631 776 1714 Lego:
799 1633 881 1710 Quod
894 1633 928 1712 ‘fl
941 1637 1014 1710 apud
1030 1634 1057 1694 C.
1073 1631 1199 1704 Ailiunr,
1215 1632 1296 1689 Nosie
1315 1631 1376 1691 dcc.

301 1755 304 1763 ‚
404 1712 498 1773 Locus
512 1714 585 1773 enirn
600 1712 639 1778 est
662 1712 766 1773 sumtus
784 1713 902 1772 eBruto
919 1711 1002 1772 Arrii.
1022 1711 1176 1774 Turum.
1208 1712 1292 1790 Apud
1308 1711 1377 1792 Cas-

397 1797 480 1935 ⁷gum,
498 1794 598 1853 eodem
614 1813 721 1869 errore,
731 1813 790 1875 quo
808 1791 896 1876 supra.
912 1790 986 1854 Nam
1002 1792 1159 1875 legendum,
1175 1793 1374 1874 opudAtrium.

394 1905 401 1921 ¹
431 1890 546 1938 cume.

456 1970 504 2029 lin.
530 1991 577 2032 22.
598 1969 676 2048 Quid
691 1970 773 2029 nodis
791 1971 920 2031 viderur?
939 1969 968 2028 in
986 1967 1105 2046 altiffimo
1127 1969 1185 2030 culi
1202 1969 1293 2049 clypeo
1310 1986 1387 2029 remor

406 2051 515 2192 &perat
532 2051 623 2130 stellas
648 2051 760 2133 firblime
781 2071 874 2132 cogens
899 2051 979 2109 ctiam
997 2069 1073 2129 arque
1093 2049 1169 2110 eriam
1191 2051 1271 2111 roais
1294 2045 1373 2132 iren]

439 2131 512 2190 ersus
528 2131 574 2202 hi,
590 2131 637 2210 qui
654 2131 689 2190 de
706 2130 867 2211 intempesta
882 2130 964 2191 nodie
986 2128 1140 2209 anapaestici
1159 2130 1342 2212 proferuntur,
1358 2153 1375 2190 a

403 2213 511 2271 duabus
525 2211 648 2290 personis
663 2212 802 2272 dicuntur:
815 2233 869 2271 una
885 2213 1050 2349 interrogat,
1067 2209 1144 2290 Quid
1155 2211 1239 2270 ποθὶ(
1249 2211 1375 2272 viderur?

308 2338 315 2346 ,
405 2295 492 2354 altera
515 2292 678 2373 respondet,
694 2293 728 2352 sn
755 2293 870 2373 alrifimo
881 2293 950 2383 'cali
969 2315 982 2351 c
991 2313 1063 2384 ypco
1075 2309 1152 2352 ‹umo-
1159 2295 1266 2374 superat
1281 2292 1375 2372 stellas

404 2373 552 2456 firhiimis,
570 2394 650 2452 agens
664 2374 742 2431 etiam
758 2387 835 2452 atque
851 2356 929 2432 eitam
951 2377 1033 2432 nortis
1052 2390 1110 2432 rtet.
1130 2371 1223 2454 Atque
1243 2372 1295 2432 hos
1311 2393 1376 2433 ver·

408 2454 470 2528 sus,
484 2470 515 2514 ut
527 2452 639 2534 scripsi,
661 2457 697 2514 ita
714 2454 844 2536 legendos
861 2454 996 2524 arbitror,
1012 2452 1129 2512 modulo
1149 2455 1230 2513 nobis
1246 2449 1373 2526 favente,

407 2537 540 2596 editiones
560 2535 772 2594 condemnante.
787 2533 944 2595 TURNEB.
959 2533 1046 2614 Vulg.
1066 2535 1128 2595 Cum
1145 2555 1200 2594 nox
1216 2534 1326 2594 viderur.
1340 2534 1375 2594 ln

410 2615 550 2676 veteribus
565 2614 686 2678 excusis:
700 2617 778 2694 Quiri
793 2637 859 2677 nox.
879 2615 954 2696 Ergo
969 2615 1006 2675 ita
1021 2617 1054 2676 δι
1072 2615 1265 2698 corrigendum
1282 2615 1313 2678 δι
1330 2613 1375 2675 di·

406 2695 617 2778 stingumdum:
740 2758 743 2765 ,

449 2778 526 2858 Quid
544 2776 618 2835 nnsis
639 2776 765 2838 videtur?
785 2775 815 2835 iu
835 2771 947 2852 altilono

452 2860 514 2918 cali
535 2859 624 2937 clupeo
644 2875 710 2915 remo
725 2859 834 2937 strperac

449 2937 571 3011 stellas,
594 2958 687 3018 cogens
702 2939 815 3016 stillime
834 2938 934 2998 eriam-

449 3020 538 3100 Atque
556 3020 634 3078 etiam
649 3020 731 3077 ποθὶ(
750 3020 835 3079 itiner.

408 3112 530 3174 Coronis
552 3111 713 3193 anapaesiica
733 3132 767 3174 ex
784 3111 932 3194 Iphigenia
952 3111 1049 3186 Ennii,
1059 3131 1121 3194 quae
1135 3111 1174 3175 esl
1190 3133 1224 3176 ex
1241 3113 1374 3197 Euripidis

409 3192 520 3255 Graeca.
534 3191 576 3254 lta
595 3197 668 3254 enim
685 3191 847 3270 Euripides:

450 3273 498 3334 Τίς
518 3271 585 3332 ποτ’
606 3271 651 3350 ἄρ’
671 3271 765 3350 incip
785 3269 836 3334 ‘ide
856 3273 1022 3354 πορθμεύεις

450 3357 535 3433 ΓΕΡ.
557 3354 659 3434 Σείριος
680 3352 778 3435 ἔγγὺς
800 3351 851 3416 ‘tric
871 3347 1038 3436 ἑπταπόρου
1133 3359 1136 3370 '

450 3431 599 3495 nitidior
618 3435 723 3496 circui
744 3433 787 3495 ἔτι
805 3429 955 3516 μεσσήρης.

409 3522 442 3584 ln
455 3525 551 3604 quibrls
562 3523 651 3596 vides,
668 3525 733 3605 quid
749 3526 801 3585 srbi
814 3527 963 3607 permiserit
977 3527 1090 3589 Latinus
1101 3544 1193 3610 poeta,
1205 3531 1253 3610 qui
1267 3549 1323 3591 non
1332 3531 1373 3591 in·

409 3621 529 3686 terpres,
546 3603 591 3666 sed
609 3627 645 3666 ne
661 3606 782 3665 imitator
798 3608 910 3686 quidem
929 3608 982 3672 elle
1004 3612 1101 3671 voluit.
1123 3611 1283 3675 Varronem
1306 3611 1373 3693 sugit

410 3688 503 3759 ratio,
524 3687 571 3767 qui
583 3687 661 3746 initio
677 3687 766 3765 quarti
781 3687 842 3747 libri
863 3690 900 3748 ait
918 3689 977 3750 haec
1003 3691 1108 3771 prolata
1126 3692 1162 3752 ab
1180 3691 1372 3774 Agamemno·

410 3787 462 3828 ne:
481 3787 547 3828 cum
567 3766 619 3828 fint
637 3789 672 3828 ex
689 3767 805 3846 persona
823 3768 893 3830 senis
909 3789 973 3830 cum
997 3773 1211 3852 Agamemnone
1235 3771 1322 3833 verba
1332 3768 1373 3830 sa-

411 3851 512 3909 cientis.
533 3846 603 3909 Sunt
620 3850 686 3909 item
703 3849 734 3908 δι
752 3847 826 3923 alia,
843 3870 903 3930 quor
926 3850 1090 3922 ostendunt,
1105 3851 1278 3934 Iphigeniam
1292 3851 1372 3914 Ennii

412 3929 521 3992 versam
540 3928 665 3994 futsseer
679 3927 827 4013 Euripide,
840 3948 870 3992 ut
883 3930 926 3993 illa
947 3932 1020 4014 apud
1036 3931 1163 3996 Festum:

885 2727 887 2734 l
