3209 4967
458 504 1006 588 rNLroRUer
1183 528 1225 601 η

254 666 388 728 verdum:
408 666 475 738 vel,
487 665 516 724 d*
528 665 637 740 caviat,
652 686 670 725 a
688 652 844 727 cavarioire.
862 662 979 741 Caviari
995 681 1026 725 ur
1045 664 1141 743 soliar,
1155 668 1228 729 laru-

257 768 327 821 nar,
344 749 400 810 διε.
416 748 550 809 Seruo.

299 830 346 890 lin.
364 828 409 891 16.
429 832 507 889 Terra
519 832 586 890 dira
601 829 636 887 ab
651 849 725 887 eo-
735 830 807 911 quod
826 830 937 909 teritur]
951 824 1043 889 Etiam
1052 826 1161 889 Plautus
1174 850 1228 891 vo.
1253 847 1257 857 ’

258 910 308 970 luit
329 908 448 971 Terram
467 910 568 970 didam
585 933 601 969 a
619 912 755 985 terendo,
785 908 832 969 sed
852 911 928 991 quod
951 926 1022 969 terat
1048 911 1174 971 homines
1196 912 1229 973 ὃ(

255 990 379 1074 affligat,
396 1014 453 1051 non
475 992 553 1075 quod
572 1009 683 1053 teratur.
703 983 750 1052 Sic
771 992 845 1052 enim
869 990 906 1051 ad
926 991 980 1051 hoc
993 1006 1114 1073 etymon
1131 992 1226 1053 alludit

256 1073 460 1140 Bacchidibus:

303 1188 338 1200 -
347 1156 448 1236 porisne
461 1156 496 1236 est
518 1170 586 1214 terra
603 1174 635 1213 ur
649 1170 714 1215 terat
731 1153 858 1215 hominem
874 1171 953 1234 arque
973 1154 1126 1236 prosternor.

259 1232 372 1295 Tamen
383 1236 496 1297 videtur
510 1233 682 1296 verifimilius
701 1234 755 1296 effe
768 1258 786 1295 a
803 1235 908 1298 Graeco
923 1233 989 1319 ἔρα,
1001 1235 1097 1297 addito
1112 1253 1139 1307 t,
1156 1250 1187 1296 ut
1202 1236 1232 1296 in

259 1315 392 1399 plerisque
407 1319 475 1377 aliis.
492 1317 622 1378 POPMA.

298 1398 348 1459 iin.
362 1420 408 1459 22.
430 1400 573 1470 Trivolum,
587 1420 638 1479 quo
648 1398 770 1478 teritur]
786 1397 878 1481 Marg.
895 1396 994 1478 Scalig.
1010 1397 1156 1471 Tribulom,
1172 1398 1228 1479 qui.

298 1478 346 1539 lin.
372 1497 407 1558 23
436 1479 475 1561 sq.
497 1480 606 1562 Propter
629 1480 742 1539 limitare
765 1481 842 1559 iren]
872 1478 1021 1561 Perperam
1044 1479 1092 1538 hic
1114 1480 1230 1540 Vertra·

260 1560 323 1620 nius
343 1577 420 1643 putat
435 1560 582 1643 legendum
601 1560 673 1632 effe,
692 1560 805 1620 militare
826 1566 883 1622 iter.
899 1562 976 1623 Nam
996 1561 1090 1620 Varro
1109 1562 1163 1633 air,
1177 1581 1232 1621 ter·

261 1643 353 1705 minos
370 1641 535 1703 constitutos
554 1640 608 1702 effe
626 1644 654 1701 in
671 1644 743 1724 agris
764 1658 882 1723 propter
909 1644 960 1702 iter
984 1642 1110 1703 limitare.
1136 1640 1176 1701 Ea
1193 1641 1235 1703 est

262 1739 370 1784 tantum
390 1723 486 1783 semita
501 1722 636 1795 modica,
656 1743 721 1804 quae
747 1724 904 1803 relinquitur
928 1723 1000 1783 inter
1018 1724 1075 1783 duo
1096 1722 1235 1800 confinia,
1337 1721 1340 1729 '

262 1804 319 1863 lata
337 1804 421 1885 pedes
439 1806 483 1875 V,
509 1826 545 1865 ex
570 1804 722 1864 duodecim
740 1804 895 1864 tabularum
922 1804 1088 1886 praescripm.
1108 1804 1236 1866 Militaris

263 1888 398 1945 verovia
414 1884 453 1946 est
472 1883 487 1949 ir
503 1885 646 1967 λεωφόρος.
661 1884 755 1963 Quod
770 1884 789 1943 fi
803 1886 839 1945 de
858 1906 891 1946 ea
907 1882 1024 1945 senfiffet
1046 1886 1155 1961 Varro,
1174 1907 1234 1946 non

263 1966 414 2027 dicendum
434 1983 491 2027 erat
506 1970 557 2028 iter
574 1968 709 2039 militare,
726 1965 772 2025 sed
782 1968 830 2024 via
844 1966 975 2027 militaris.
992 1964 1068 2027 Nam
1087 1968 1143 2028 viae
1156 1966 1237 2049 signi·

263 2046 359 2107 ficatio
375 2048 456 2106 latius
491 2063 554 2109 ater.
572 2048 672 2127 Inepte
687 2068 758 2107 vero
773 2048 868 2108 Varro
877 2049 1025 2108 terminum
1035 2072 1052 2109 a
1062 2050 1177 2110 terendo
1187 2049 1238 2111 de-

266 2128 360 2203 ducit,
375 2150 441 2188 curn
458 2070 525 2189 idat
545 2132 641 2211 τέρμα
661 2127 762 2190 Graece
782 2129 844 2190 dici.
865 2128 1003 2191 SGALIG.

308 2210 355 2270 lin.
372 2212 420 2288 26.
440 2212 506 2272 Non
521 2214 664 2285 reminas,
675 2213 726 2292 fed
744 2214 886 2291 Termera]
907 2210 987 2293 Lego
999 2228 1110 2287 remon,
1127 2212 1174 2273 vel
1185 2228 1235 2272 ter·

267 2313 325 2364 mo,
345 2311 377 2351 ut
395 2294 425 2351 dr
439 2293 544 2353 Ennius
560 2294 667 2353 locutus
692 2290 751 2353 est:

309 2375 411 2452 Ingenti
426 2377 502 2433 vadit
514 2375 608 2455 paffu,
624 2393 678 2453 qua
695 2374 810 2435 redditus
826 2392 904 2436 termo
918 2374 962 2455 est.
984 2372 1140 2437 TURNEB‘.

310 2455 451 2515 ead'Hoc
471 2455 558 2515 Groci
573 2454 704 2535 repom]
717 2455 816 2535 Lego,
831 2458 880 2516 hoc
893 2456 977 2517 Groci
994 2455 1126 2539 τέρμονα.
1146 2452 1240 2517 distin-

267 2536 408 2617 guendum
429 2553 521 2596 autem
537 2535 576 2596 est
594 2535 657 2617 post
677 2540 706 2595 in
721 2538 820 2611 Lario,
837 2553 868 2596 ut
889 2536 1015 2599 arbitror.
1041 2528 1196 2599 TURNEB.

308 2618 353 2677 lin.
370 2617 419 2679 28.
442 2619 496 2679 Vra
510 2618 613 2699 quidem
629 2618 714 2698 lon]
735 2618 784 2679 via
814 2617 935 2701 zquidem.
954 2622 1148 2681 Auousrirr.

656 2813 781 2915 Pagina
823 2841 883 2913 9.·¹

310 2944 359 3011 lin.
381 2965 399 3005 2
414 2943 456 3027 sq.
473 2945 653 3027 Appelloram
664 2949 770 3029 firmrna
796 2966 884 3023 terro,
901 2967 958 3032 quo
969 2947 1031 3029 sola
1047 2946 1095 3009 teri
1117 2946 1242 3029 poffirnr‚
1296 2988 1301 2995 ,

272 3027 553 3109 solarerrae.]1³uto
583 3031 808 3101 emendandum,
828 3033 895 3111 Quo
914 3030 972 3109 folo
993 3029 1041 3091 reri
1066 3028 1191 3111 paffmr,
1214 3026 1245 3087 id

270 3107 329 3182 est,
350 3108 469 3189 pede&
487 3110 611 3194 vestigio.
638 3112 837 3173 Emendationi
860 3110 1024 3193 suffragatur
1044 3106 1149 3171 mensio
1163 3109 1244 3191 sylla·
1265 3114 1267 3117 ’

270 3189 324 3284 iiae.
340 3189 495 3262 TURNEB.
510 3193 603 3275 Lege,
620 3196 687 3273 Quo
698 3195 758 3275 fiolo
772 3196 820 3255 reri
831 3194 953 3277 poffirrzr,
964 3192 1027 3275 sola
1041 3210 1120 3255 terro.
1138 3193 1246 3258 Lucrea

274 3287 346 3332 rius:

208 3371 218 3377 ’
310 3354 397 3415 Avia
419 3353 555 3413 Pieridum
577 3374 679 3437 perago
696 3356 772 3431 loco,
788 3354 891 3417 nullius
900 3352 963 3417 ‘onte
1009 3350 1012 3358 ’

317 3434 395 3493 Trita
407 3434 477 3514 fhlo,

274 3512 373 3575 Solum
393 3518 480 3590 enim,
498 3513 723 3598 infimumpedis
747 3518 931 3593 calcaneum,
949 3517 982 3579 &
1001 3516 1179 3579 calceamenti
1205 3516 1248 3577 so-

211 3618 221 3638 *
276 3594 329 3655 lea.
349 3597 480 3658 Plautus:
500 3598 558 3675 Qui
578 3619 642 3657 auro
662 3600 739 3657 haber
750 3601 903 3681 supparium
916 3600 1012 3680 solum.
1028 3600 1165 3661 ScALIG.

320 3675 366 3736 lin.
381 3699 409 3751 4.
427 3679 489 3739 Ideo
504 3680 634 3750 Ennius,
650 3680 684 3739 In
696 3698 788 3756 rerram
799 3680 940 3757 cadmitis,
951 3680 1016 3739 dicit
1026 3725 1035 3753 ‚
1044 3683 1154 3739 cubirer's
1164 3677 1253 3760 pinfi··

276 3756 490 3840 barthorum]
504 3760 558 3821 Pro
563 3761 698 3841 pirrfibanr
707 3762 760 3843 leg.
768 3762 921 3843 pinfirbarrr.
935 3764 1126 3823 AUGUSTIN.
1140 3760 1173 3819 ln
1187 3780 1246 3819 ma·

277 3838 422 3919 nuscripris
440 3844 568 3922 reperio,
588 3843 648 3901 ideo
661 3843 782 3901 Ennium
795 3844 933 3903 interram
950 3846 1072 3903 cadentes
1092 3842 1188 3916 dicore,
1205 3863 1249 3900 cu·

277 3919 342 3979 bitis
355 3922 501 4000 pinfirbanr
515 3926 629 3983 humum.
646 3923 676 3983 Si
702 3926 763 4003 quis
783 3920 924 4005 pinsebant
948 3924 1040 4005 legat,
1053 3944 1111 3983 non
1133 3924 1251 3983 multum

277 4002 451 4084 repugnabo.
474 4001 585 4068 Pinsare
602 4023 697 4068 aurem
715 4001 850 4082 humum,
867 4003 908 4067 est
918 4012 1025 4068 ,terram
1052 4003 1132 4069 ferire
1141 4026 1152 4079 3
1165 4020 1195 4065 ut
1210 4001 1252 4080 fa·¹
1311 4044 1313 4048 -
