3209 4967
410 514 1029 592 {NFRAGMENTn
1131 540 1201 618 3η

232 701 311 756 etas,
328 678 435 765 inquit,¹
449 679 582 741 Hercules
598 678 642 741 ille
660 698 777 761 potens,
796 678 843 741 sed
863 678 1034 741 aemulabaris
1050 677 1124 739 illum
1142 678 1205 741 Co.
1246 741 1249 746 ,

233 765 375 843 nopiona,
394 762 461 823 dum
479 764 508 854 in
525 762 599 823 bello
612 762 714 823 culices·
730 762 844 823 atrebas
865 779 1011 842 conopeo:
1031 758 1100 821 sicut
1117 759 1204 825 Cieo-

233 860 311 924 patra
323 846 437 927 regina,
455 864 533 925 cujus
801 924 802 929 η
1244 904 1249 920 ,

277 940 441 1019 -Interque
459 940 559 1019 figna,
579 955 609 997 ru
638 962 669 1014 e,
695 935 826 1006 militaria
847 937 896 1019 firi
918 938 1032 1019 adspicit
1051 958 1205 1020 conopeum·

232 1016 401 1100 Conopiona
411 1034 503 1079 autem
516 1020 599 1094 dixit,
609 959 679 1080 licut
693 1016 879 1099 Comopiona
891 1017 1041 1081 Herculem
1057 1020 1204 1102 indigitant

233 1100 319 1162 OEtaei
329 1146 338 1174 ,
350 1101 425 1182 quod
442 1100 515 1183 ipsos
530 1123 547 1160 a
561 1100 687 1174 locustis,
696 1120 766 1181 quas
779 1098 920 1181 niproner
937 1102 1085 1183 appellant,
1099 1117 1202 1161 tutatus

231 1179 291 1255 est,
311 1198 341 1241 ut
365 1181 447 1243 refert
473 1178 573 1241 Strabo
599 1182 645 1242 iib.
675 1201 721 1262 13.
746 1178 850 1252 Potens
871 1181 1022 1263 epithetum
1056 1185 1205 1261 proprium

232 1260 379 1338 Herculis,
397 1260 483 1323 exilat
510 1266 538 1322 in
561 1263 678 1347 antiquis
695 1260 926 1344 inscriptionibus.
945 1261 976 1323 itt
994 1262 1115 1346 Hymno
1138 1262 1203 1336 Οτι,

231 1344 297 1422 phei
315 1342 516 1427 Καρτεροχείς.
537 1341 644 1404 Efficax
658 1344 769 1405 Horatii
789 1344 910 1426 Epodo:

239 1437 241 1443 '
273 1426 331 1485 Nec
351 1446 445 1486 munus
464 1424 576 1509 efficeris
596 1424 733 1486 Herculis.

230 1512 388 1579 SedVatro
400 1520 431 1580 δι
440 1518 483 1579 alii
499 1533 626 1591 ueteres,
641 1519 670 1577 in
685 1516 845 1607 istiusmossi
851 1516 1014 1579 diiiionsstus
1028 1516 1084 1579 fere
1099 1516 1130 1578 N
1142 1518 1202 1579 lite·

229 1617 291 1658 ram
309 1600 472 1660 omittebant
484 1647 492 1672 ‚
505 1617 534 1659 ut
551 1598 640 1675 ans,
649 1598 750 1675 Frons,
762 1595 888 1671 Tonsos,
905 1599 1039 1661 Pransus:
1058 1621 1112 1681 qua
1126 1601 1161 1659 de
1172 1620 1204 1661 te

231 1677 306 1739 alibi.
319 1702 354 1740 ex
371 1701 408 1742 eo
419 1680 561 1763 suspicor,
573 1681 617 1740 hic
633 1685 660 1741 itt
671 1681 800 1741 omnibus
821 1679 898 1739 libris
915 1680 1056 1741 veteribus
1072 1680 1202 1760 scriptum

229 1758 308 1821 fuisse
318 1760 419 1836 Potes,
436 1778 467 1822 ut
488 1765 516 1822 in
534 1782 669 1844 augurum
687 1763 761 1821 libris
774 1776 972 1823 DIVIPOTES.
991 1761 1045 1822 Alii
1060 1762 1203 1842 putantle-

228 1841 369 1925 gendum:
390 1846 457 1904 Non
467 1844 596 1904 Hercules
613 1844 712 1925 potest,
726 1842 771 1922 qui
788 1842 886 1921 Augiae
899 1845 953 1923 egit
970 1842 1082 1923 uinpon

274 1940 316 1997 Ut
334 1958 430 1998 novum
443 1936 580 2015 cribrum]
596 1934 661 1995 Hoc
675 1935 740 2009 jacit
755 1934 784 1991 in
795 1954 865 2005 eos,
879 1936 937 2015 qui,
952 1951 982 1993 ut
998 1934 1128 1995 viilotias
1141 1932 1202 1996 suas

229 2014 383 2091 ostentent,
399 2017 486 2097 spolia
505 2033 586 2097 capta
608 2016 717 2097 publice
739 2011 923 2095 suspendunt:
936 2013 1004 2075 ficut
1019 2036 1096 2075 nova
1115 2015 1201 2097 supel-

230 2096 274 2157 lex
294 2096 363 2158 solet
381 2098 462 2157 domi
481 2118 560 2157 novo
575 2097 675 2179 paxillo
689 2094 781 2177 affigi,
792 2095 874 2161 ,unde
893 2096 1021 2177 pendeat.
1038 2095 1079 2157 lta
1095 2094 1200 2157 Eume·

230 2177 318 2240 nidib.
334 2180 387 2252 ait,
400 2178 543 2239 Zenonem
556 2196 662 2258 patrem
679 2177 753 2237 illum
767 2175 935 2249 Stoicorum,
951 2198 1058 2239 novum
1076 2176 1203 2254 haetesm,

229 2280 308 2321 novo
347 2261 427 2320 axilio
441 2256 614 2339 suspendiffe.
633 2258 663 2317 iti
683 2256 792 2319 Graecis
810 2256 960 2336 παττάλῳ
979 2259 1176 2339 &terpeteius
1187 2303 1202 2331 ,

230 2339 308 2421 quod
325 2280 480 2403 lussatltius
490 2356 566 2421 putat
584 2340 736 2420 proverbio
747 2339 819 2410 dici,
833 2359 899 2418 pto,
910 2340 1092 2423 negligentius
1104 2358 1203 2400 curare

228 2421 347 2503 aliquam
364 2443 441 2493 tem,
458 2442 524 2482 cum
538 2420 571 2481 stt
584 2418 720 2481 ostentate
740 2420 951 2499 &proponere

272 2504 370 2561 Onnes
389 2504 482 2563 heroes
505 2519 583 2581 negot
597 2502 681 2580 &c.]
699 2500 754 2559 Hic
778 2500 939 2581 negationes
957 2499 1019 2563 duae
1040 2501 1120 2561 unius
1138 2501 1199 2565 tint

228 2581 393 2658 intendunt,
405 2581 569 2643 Graecorum
589 2582 686 2642 modo.
701 2581 824 2642 Lucilius
835 2580 883 2641 lib.
908 2578 1055 2662 17-Saryt.

415 2694 534 2711 ··—-
543 2664 674 2744 proprium
693 2683 754 2721 uero
774 2662 817 2719 nil
836 2664 959 2722 neminen
979 2662 1081 2724 labere.

229 2756 333 2820 Cicero
346 2758 428 2832 lib.4
445 2757 611 2819 Academic.
628 2758 711 2835 Quod
725 2756 822 2815 bonurn
844 2755 921 2835 quale
930 2757 985 2834 fir,
1003 2774 1083 2837 neget
1094 2756 1199 2817 omnino

229 2838 260 2897 E
278 2840 381 2911 icurus,
396 2842 456 2919 fine
478 2838 662 2917 voluptatibus
682 2837 788 2918 sensium
813 2837 980 2896 mouentibus
999 2859 1046 2897 nec
1056 2840 1201 2919 fiespicnri.

229 2920 244 3004 1Ι
264 2941 310 2981 em
324 2921 371 2981 lib.
389 2941 404 3002 3
418 2919 454 2979 de
465 2917 597 2979 Finibus:
611 2920 664 2979 Sed
679 2939 835 2999 quemquern
855 2936 948 2999 negent
966 2920 1068 2995 Stoici,
1088 2923 1196 2981 unvit-

227 3020 319 3076 tutes,
336 3022 383 3061 net
395 3000 466 3061 uitio
479 3003 593 3082 erescere.

273 3093 421 3157 Vulcanum
439 3095 545 3155 nerdun
560 3092 644 3175 &c.]
664 3092 715 3157 At.
733 3094 860 3155 Niceten.
881 3091 1009 3153 Eandem
1026 3091 1198 3173 iirpetstitio·

218 3196 294 3244 uem
310 3178 399 3259 tangit
413 3174 557 3247 Arnobius
574 3174 621 3237 lib.
639 3197 675 3248 4:
691 3176 746 3234 Per
759 3173 869 3233 humani
882 3176 985 3257 generis
996 3178 1124 3256 coquinas
1136 3196 1196 3235 tur·

229 3258 264 3319 rit
272 3300 282 3327 ,
297 3258 473 3339 inspiciens&
491 3258 651 3339 explorans,
671 3256 828 3337 quibusnam
844 3256 975 3335 lignorum
989 3258 1127 3336 generibus
1133 3257 1205 3337 suis,

229 3338 309 3395 ordor
327 3342 452 3399 excitetur
467 3339 496 3397 in
508 3338 629 3419 forulis:
645 3338 825 3397 hebitudinem
839 3336 970 3415 ,ouilibus
986 3338 1128 3397 contribuit
1144 3361 1195 3398 ua·

224 3416 332 3497 fiolis,
349 3441 381 3479 ne
401 3422 569 3499 flammarum
585 3418 712 3497 diffiliemt
728 3419 758 3477 ui
775 3418 855 3498 viria.
875 3419 990 3477 Nectum
1007 3421 1120 3500 antiqua
1133 3440 1198 3500 pat·

223 3497 322 3572 titula,
332 3520 382 3581 pro
399 3520 434 3559 ne
450 3520 580 3580 unquam.
595 3502 633 3559 ita
645 3498 843 3579 Necunquam,
852 3518 905 3580 pto
917 3518 951 3559 ne
963 3520 1085 3580 unquam
1100 3521 1201 3582 quem·

145 3638 149 3646 ,
229 3599 313 3660 quant
323 3626 333 3655 ,
345 3596 451 3642 veteres
462 3580 589 3674 diruerunt
603 3581 715 3641 aullote
729 3578 827 3641 Festo:
836 3581 868 3642 δι
882 3578 1024 3660 Quaecutn
1033 3603 1108 3665 ,pto
1122 3599 1196 3663 quae·

228 3660 594 3823 ealillilliiliructlieiqllllaelcirlt
614 3741 774 3823 extrinsecus
794 3742 951 3822 instruetur.

226 3833 390 3915 Preequam,
405 3854 599 3916 praeterquam.
622 3834 697 3897 caro
716 3836 761 3899 lib.
783 3856 796 3896 t
818 3835 993 3918 Originumt
1011 3837 1090 3896 Fano
1117 3832 1146 3893 ie
1165 3854 1198 3895 eo

226 3916 284 3978 loeo
299 3917 443 3995 complectio
459 3913 543 3997 ficere.
567 3940 597 3978 eo
625 3918 822 3997 exauguravit,
843 3935 974 4000 proquam
988 3918 1060 3996 quod
1078 3915 1212 3982 Termino,

221 3996 319 4081 [renunt
330 3996 392 4085 fitit
403 3998 435 4061 ie
448 3997 581 4081 requiror
600 3998 767 4082 exaugurari.

899 4080 977 4180 Χῖ
