3209 4967
900 344 914 396 t

883 438 901 479 t

429 520 1054 631 378·'N0T13

428 705 560 772 corrupte
580 690 702 755 reserunt
718 690 886 754 Plotuorino.
909 690 988 774 ptri,
1009 690 1049 753 eli
1064 692 1144 765 lima,
1171 688 1411 753 vetinstmonen

429 790 490 835 tum
506 779 574 833 euro
589 772 728 833 fundendo
749 792 855 855 aptum·
872 774 949 836 Vide
969 772 1175 835 Cosmororine.

471 855 639 935 Scriptulum.
686 852 818 937 Suspicor
834 857 889 916 buc
905 856 1041 935 pertinere
1064 855 1147 927 illud,
1164 854 1239 934 quod
1256 853 1410 936 posuimus

429 936 501 997 inter
519 936 623 997 incerte
681 954 767 1018 tyrar.
783 958 819 999 ex
840 937 983 1009 arnobio,
1009 937 1066 997 Uli
1088 936 1196 1016 denique
1212 937 1319 1017 Apollo
1340 939 1406 998 dec.

430 1032 628 1161 poldllttsus
651 1097 847 1181 murus]
868 1097 934 1159 Hoc
956 1056 1135 1180 proverbium
1157 1118 1243 1158 unum
1267 1099 1407 1158 omnium

428 1176 655 1259 elegantissimum
673 1180 766 1241 Varro
781 1180 902 1241 inscribit
920 1178 1045 1261 Sotyrae,
1065 1183 1094 1241 in
1150 1198 1295 1250 amoner,
1318 1198 1406 1259 para·

430 1277 491 1320 tum
503 1260 539 1319 ad
551 1280 664 1321 omnem
675 1260 766 1321 casum
778 1263 810 1323 δι
824 1262 931 1342 semper
941 1264 1077 1343 intentum
1128 1262 1296 1321 ehominem
1312 1279 1408 1340 opor-

429 1346 504 1415 tere,
520 1362 579 1421 quo
594 1340 718 1403 constare
733 1345 760 1402 in
776 1344 909 1403 omnibus
924 1341 1076 1403 astionibus
1094 1344 1159 1403 vitae
1178 1339 1259 1423 poffit
1273 1341 1408 1401 sibimet·

430 1418 500 1499 ipsc,
531 1442 582 1483 nec
604 1423 632 1483 in
656 1424 712 1484 ullo
734 1420 832 1485 officio
849 1424 1010 1485 claudicare.
1026 1422 1118 1503 Quod
1140 1423 1262 1483 maxime
1283 1424 1405 1505 quidem

415 1505 583 1565 ,convenire
607 1504 789 1586 principibus,
808 1506 842 1567 dt
870 1505 1069 1585 rempublicam
1090 1505 1246 1586 gerentibus
1271 1506 1405 1585 praecipit

431 1582 584 1645 Flexibulis
604 1587 711 1665 Quart,
732 1588 837 1667 inquit,
853 1609 870 1646 o
886 1588 996 1660 Marce,
1013 1590 1136 1667 prensum
1151 1608 1183 1646 ar
1204 1605 1330 1665 paratum
1354 1583 1406 1663 effe

431 1662 479 1724 ltoe
498 1684 598 1725 munere
622 1685 728 1747 oportet.
748 1666 826 1729 Idem
841 1667 1020 1728 adscribimus
1034 1688 1087 1727 nos
1103 1667 1263 1727 emblemari
1285 1664 1405 1737 nostro,

432 1747 512 1818 cuius
525 1746 627 1825 pisiurn
640 1750 718 1808 miles
736 1766 874 1823 donatus,
891 1748 1007 1829 seposita
1020 1748 1066 1807 bol
1086 1750 1163 1819 a,.in
1176 1748 1278 1828 patenti
1295 1765 1402 1826 campo

431 1823 459 1886 se
469 1824 542 1887 hosti
560 1826 686 1892 offerent.
702 1827 749 1889 Esi
769 1831 844 1891 enim
856 1830 983 1891 tralatum
996 1851 1013 1889 a
1028 1766 1178 1901 miiitibnn
1194 1831 1242 1909 qui
1258 1826 1351 1909 pransu
1368 1827 1402 1885 δι

432 1910 535 1968 curatis
547 1929 582 1970 co
635 1910 719 1983 ribus,
735 1912 856 1993 expediti
872 1932 906 1971 ac
923 1912 1010 1992 parati
1019 1910 1189 1971 ducebantur
1205 1911 1242 1971 ad
1257 1928 1381 1993 pugnam
1390 1924 1402 1980 ;

431 1989 570 2130 unu
585 1988 1087 2155 „lstz‘ttli‘sitssztlllnl
1098 1991 1236 2135 ullu

469 2147 606 2231 ’serpen
623 2150 817 2231 lvcpmircct
838 2154 1010 2236 netnpe'ptns
1028 2152 1199 2233 πολεμίζει,
1217 2117 1227 2148 ’

407 2260 410 2267 ·
469 2231 683 2310 Oopoenstrni
705 2233 730 2294 oi
748 2223 811 2315 drop
826 2234 864 2297 ἐνὶ
886 2236 999 2317 φρεσὶν,
1016 2229 1088 2296 nist
1106 2258 1137 2295 τι
1153 2234 1232 2317 γυῖα

470 2310 541 2392 l'lplt
559 2310 681 2392 adpetet,
701 2316 768 2398 πρὶν
786 2315 903 2380 πάντας
924 2312 1042 2400 iporicett
1063 2315 1210 2395 πολέμοιο.

390 2418 395 2425 ·
429 2387 493 2453 Cat.
510 2393 555 2457 lib.
577 2416 590 2480 ς
609 2394 777 2475 Originum:
797 2399 952 2459 Exercitum
970 2398 1048 2478 suurn
1066 2400 1189 2477 pransum
1209 2412 1401 2477 paratumst·

433 2474 561 2535 ltortatunt
579 2479 671 2538 eduxit
684 2478 784 2558 foras,
800 2496 879 2561 arque
899 2479 1041 2559 insinuit3
1057 2494 1140 2559 quem
1159 2479 1253 2538 locum
1276 2474 1401 2557 politissi-

430 2574 493 2615 mus
512 2556 621 2638 Lipsius
641 2562 746 2640 primus
765 2560 936 2622 observavit.
953 2560 1039 2621 Porro
1062 2557 1203 2620 diuersum
1223 2559 1259 2620 ab
1277 2558 1352 2629 hoc,·
1367 2556 1398 2616 dt

431 2642 599 2700 eontrarium
619 2640 742 2715 sensum,
757 2640 846 2702 babet
862 2640 978 2703 Pransus
995 2658 1092 2721 potos:
1109 2660 1166 2721 quo
1185 2656 1295 2701 notatur
1310 2638 1400 2699 hono

431 2716 591 2795 dissolutus,
610 2722 643 2783 δι
655 2738 757 2783 temere
770 2721 995 2806 negligenterque
1006 2742 1049 2782 res
1066 2721 1125 2781 suos
1137 2740 1232 2803 ageos.
1247 2719 1314 2781 nihil
1324 2720 1397 2779 enim
1486 2749 1487 2752 κ

432 2794 530 2860 serium
548 2820 660 2875 navare,
673 2822 720 2865 aut
730 2802 839 2864 efficere
850 2801 939 2885 potest
951 2808 985 2878 is,
1000 2801 1046 2884 qui
1058 2804 1146 2861 multo
1157 2803 1222 2862 cibo
1236 2802 1267 2863 dt
1283 2801 1400 2881 potione

294 2896 297 2907 ·
360 2930 364 2937 ,
430 2878 460 2943 se
475 2882 607 2963 complet.
624 2881 684 2946 Cic.
701 2905 753 2966 pro
773 2884 895 2949 Milone:
912 2886 994 2945 Adde
1008 2883 1138 2965 inscitiam
1148 2886 1241 2965 pranfi
1253 2883 1312 2967 poti
1331 2879 1397 2965 osci·
1486 2913 1488 2972 t

433 2962 519 3020 tantis
539 2965 624 3026 ducis.
635 2962 721 3028 Plaut.
735 2964 875 3027 Menaech.
1392 2980 1396 2984 “

431 3042 579 3185 ΜΡζιῖΙιᾰὶ
598 3067 631 3108 ac
645 3047 757 3129 putaui,
769 3050 884 3129 scortum
904 3044 1023 3109 acctlul.

402 3140 405 3146 ·
468 3140 518 3183 aru
547 3172 555 3187 .

406 3226 414 3240 ·
474 3206 613 3283 prandeo,
629 3226 713 3287 poto,
735 3208 809 3271 ludo.
1023 3256 1027 3263 .

473 3287 574 3347 Nitens
590 3290 705 3371 lum]
726 3290 850 3351 imitatus
866 3289 966 3374 virgil.
978 3288 1027 3351 lib.
1047 3288 1190 3351 aAEneid.
1207 3291 1211 3296 ⁴
1243 3281 1248 3302 ’

515 3366 607 3445 Preffit
626 3371 705 3430 humet
726 3376 822 3435 nitens.
1343 3372 1346 3379 '

431 3442 481 3507 ubi
494 3442 622 3510 Servius:
637 3452 762 3511 Incedens
774 3474 821 3533 per
839 3454 943 3516 bunum
952 3496 962 3525 ‚
972 3453 999 3512 d·
1011 3451 1046 3531 est
1055 3451 1212 3512 adverbium·

474 3526 666 3594 Psrunouus
697 3542 862 3613 scorto]
890 3533 999 3593 Titulus
1024 3530 1142 3593 Grecos
1160 3530 1242 3593 estin
1266 3527 1393 3592 omnibus

433 3606 507 3669 libris
521 3613 676 3685 veteribus,
694 3616 758 3695 περὶ
774 3614 1074 3688 enucleationem,
1090 3613 1125 3674 de
1137 3611 1270 3687 occursu,
1281 3612 1328 3674 uel
1347 3629 1393 3671 ex·

433 3691 564 3771 ceptione
581 3689 718 3760 Deorum'.
735 3694 790 3757 Sed
809 3716 845 3757 an
862 3696 1021 3778 religionem
1040 3695 1174 3757 Deorum
1191 3694 1284 3754 Varro
1302 3692 1393 3773 queri·

434 3784 480 3829 tur
494 3772 666 3854 negleliam?
684 3798 748 3838 cum
763 3778 890 3839 homines
906 3776 1027 3856 improbi
1049 3775 1130 3837 Deos
1148 3774 1226 3856 quast
1241 3774 1336 3836 servos
1351 3788 1393 3831 ex·

437 3850 563 3931 cipiunt,
584 3857 616 3917 δι
638 3858 802 3934 adomnia,
824 3877 885 3939 (1¹¹².
901 3859 1001 3918 volunt
1019 3859 1050 3920 dt
1069 3856 1217 3930 assedam,
1230 3856 1392 3937 producunt.

436 3950 473 3992 an
491 3934 614 4017 suggillat
628 3940 701 4021 ipsos
714 3940 815 4003 Deos?
831 3959 902 4021 quos
921 3938 1027 4001 constat
1045 3942 1127 4001 certis
1144 3938 1303 3999 bominibus
1315 3935 1348 3994 ad
1362 3931 1391 3987 lt·

436 4009 558 4081 bid'ucru
581 4018 658 4085 suem
682 4020 849 4109 defignatis,
864 4039 971 4087 mutate
998 4020 1093 4087 forma
1113 4014 1279 4098 occurrisse,
1295 4018 1328 4082 δι
1342 4028 1394 4097 φῦ
