3209 4967
367 494 420 564 ‘10
711 490 748 562 N
796 490 833 563 Ο
881 487 915 563 Τ
963 489 1006 564 AE

367 653 464 735 Itaque
483 651 630 736 legendum
644 653 697 728 ibi,
710 656 886 736 casurumque
899 653 1015 735 triplex:
1032 670 1062 714 ut
1074 652 1191 735 &apud
1207 652 1244 718 C.
1256 654 1339 719 Albi-

367 754 514 796 novanum
532 739 559 798 in
576 732 669 817 Elegia
688 736 723 796 de
741 757 832 798 morte
849 734 937 797 Druse
953 728 1131 797 Germanici:

409 818 480 877 Eeee
495 839 580 876 necem
600 820 730 878 intentum
752 819 834 892 culo,
857 838 992 898 terruitque,
1004 818 1139 899 fictoque,

451 900 572 978 Casurum
586 900 683 979 triplex
701 902 864 961 vaticinatur
888 909 965 979 opus'.

366 979 435 1041 mihi
459 978 573 1039 nonest
597 981 731 1053 dubium,
749 984 814 1061 quin
832 981 879 1042 hic
905 982 1003 1063 reponi
1019 980 1119 1042 debeat
1143 976 1282 1059 Lucilius,
1300 1003 1331 1045 ut

366 1062 400 1121 &
421 1060 467 1120 lib.
494 1080 526 1139 ς,
542 1062 627 1139 Apud
642 1064 792 1123 Lucilium:
812 1062 857 1122 ubi
877 1083 1019 1145 perperam
1040 1062 1154 1145 legitur,
1179 1066 1339 1127 Lucretium*

365 1140 403 1203 C.
425 1142 543 1203 Lucilius
560 1142 662 1226 scripsit
681 1145 763 1205 libros
780 1143 928 1205 Satirarum
946 1146 981 1206 ad
1000 1145 1186 1205 numerum&
1202 1146 1334 1207 ordinem

306 1260 308 1264 .
364 1223 496 1284 tribuum.
517 1224 603 1286 Unde
622 1226 772 1287 Horatius:
787 1226 921 1286 Primores
938 1227 1032 1309 populi
1047 1227 1178 1301 erripuit,
1188 1229 1334 1309 populum-

365 1326 413 1384 que
430 1308 556 1369 tributim.
576 1307 699 1367 Fuerunt
723 1328 818 1370 autem
840 1308 925 1368 trihus
946 1310 1025 1369 initio
1043 1307 1119 1371 XXl
1141 1308 1265 1375 institutae
1282 1310 1334 1369 du-

362 1386 516 1448 centesrmo
528 1388 757 1472 quinquagesrmo
773 1390 879 1451 oiiavo
893 1390 979 1450 Urbis
991 1410 1081 1463 anno,
1095 1389 1213 1451 Claudio
1230 1390 1262 1452 &
1272 1389 1353 1451 Ser-r

364 1466 434 1528 vilio
450 1468 527 1531 con.
548 1468 643 1551 postea
665 1471 781 1532 diversis
794 1471 966 1553 temporibus
991 1471 1159 1533 accefferunt
1177 1468 1235 1533 aliae
1247 1472 1332 1547 XIV,

363 1547 402 1607 ita
419 1567 448 1609 ut
469 1550 583 1612 demum
608 1572 682 1613 anno
704 1552 925 1636 quingentesimo
944 1554 1114 1615 duodecimo
1137 1574 1272 1615 numerus
1289 1575 1334 1614 ea-

362 1649 425 1689 tum
447 1630 513 1692 effet
535 1632 665 1694 XXXV.
687 1634 750 1695 Hac
770 1638 875 1697 ratione
894 1634 1013 1709 fortaffis,
1035 1634 1132 1695 Lucilii
1161 1655 1264 1713 poema
1283 1634 1337 1695 fuit

362 1710 483 1771 divisum
500 1718 529 1773 in
544 1715 603 1775 duo
620 1717 787 1792 volumnia3
805 1717 922 1780 alterum
941 1718 1038 1777 habuit
1058 1718 1145 1777 libros
1156 1715 1244 1790 XXI,
1261 1734 1336 1796 quos

362 1791 457 1853 Varro
474 1795 518 1856 hic
531 1797 663 1872 adducit3
678 1799 793 1868 alterurn
815 1799 898 1861 libros
916 1798 1009 1862 XIV:
1033 1797 1079 1858 sed
1095 1799 1269 1881 grammatici
1282 1818 1337 1877 po·
1378 1876 1381 1882 Α

239 1888 242 1906 ¹
360 1871 486 1936 steriores
507 1868 593 1939 untim
617 1879 704 1957 eiure-
721 1880 865 1958 iecerunt,
883 1880 930 1964 qui
949 1881 1100 1964 generatim
1119 1882 1205 1941 citant
1220 1880 1283 1957 ejus
1303 1878 1338 1947 lie

359 1956 428 2018 bros
445 1957 577 2023 XXXV.
594 1960 728 2025 ΡοΡΜΑ.

745 2128 871 2228 Pagina
912 2124 951 2203 82
1062 2130 1067 2148 '

399 2258 445 2322 lin.
465 2281 492 2323 2.
510 2262 575 2321 Non
589 2262 673 2337 mule,
692 2265 764 2342 quod
774 2264 898 2345 posterior
913 2260 1044 2344 AElius.]
1060 2259 1154 2323 Deleo
1169 2281 1198 2324 v.
1214 2259 1336 2336 testing

358 2354 389 2400 ut
404 2341 595 2421 reprehensum
607 2344 791 2425 veriloquium
814 2344 878 2407 AElii
895 2346 931 2404 ab
947 2344 1002 2405 alio
1022 2342 1172 2425 posteriore
1193 2341 1330 2423 scriptore

357 2423 548 2505 intelligamus.
568 2420 595 2484 Si
607 2427 729 2505 posterior
743 2428 842 2487 AElius
858 2425 1007 2498 scribatur,
1024 2442 1055 2485 ut
1078 2424 1114 2484 ab
1128 2424 1254 2484 Antonio
1269 2424 1335 2484 Au·

357 2502 487 2584 gustino,
508 2502 640 2568 sententia
667 2509 735 2581 erit,
753 2507 842 2587 ipsum
872 2506 910 2567 sui
932 2504 1126 2589 posterioribus
1146 2506 1221 2565 libris
1242 2524 1334 2583 repre.

292 2604 304 2625 t
356 2585 503 2659 hensorern
528 2586 625 2662 fuisse,
648 2588 862 2669 credidiffeque,
885 2609 942 2648 non
965 2604 1023 2648 tam
1040 2587 1137 2647 caelum
1160 2585 1335 2660 aeaelando,

356 2685 443 2746 quam
459 2670 555 2730 caelare
577 2693 593 2731 a
612 2670 681 2731 caeio
699 2670 848 2731 deduiium
869 2668 932 2732 ene.
950 2667 1060 2730 Caium
1083 2668 1127 2726 alii
1145 2668 1182 2727 ita
1197 2684 1337 2728 vocatum

356 2748 488 2824 censent,
503 2754 580 2833 quod
597 2750 630 2812 fit
643 2752 767 2813 caelatum
779 2797 788 2823 ,
802 2750 1018 2834 impressumque
1030 2749 1113 2823 variis
1131 2747 1230 2831 signis,
1242 2748 1275 2810 &
1291 2748 1338 2817 dit
1458 2768 1462 2775 '

325 2912 328 2915 ἡ
356 2827 484 2891 turritum
495 2832 691 2917 sculptumque.
710 2834 786 2895 Hinc
802 2834 926 2917 praeclari
941 2832 979 2895 illi
997 2830 1092 2894 versus
1108 2830 1266 2893 Varronis:

397 2924 522 2984 Mundus
537 2928 677 3066 domusepi
694 2930 813 2987 maxima
830 2947 927 3000 rerum,

399 3008 489 3085 Quam
504 3009 615 3091 quinque
629 3032 646 3065 a
659 3008 749 3067 tironeu
762 3006 896 3089 fragmine
919 3026 992 3087 anun

397 3090 527 3167 Cingunt,
538 3112 586 3172 per
598 3111 676 3171 quarn
700 3090 796 3148 limbus
811 3090 896 3167 piilus
918 3086 960 3145 bis
971 3086 1023 3165 sex
1033 3082 1122 3163 fignis
1219 3096 1226 3109 ⁰

396 3170 649 3244 Stellimt'camtihus,
665 3169 740 3230 altus
762 3171 793 3228 in
809 3168 916 3248 obliquo
930 3168 1040 3242 uthere,
1063 3165 1134 3223 lunae

395 3250 484 3331 Bigrs
500 3268 626 3332 acceptat.
770 3315 776 3328 ¹

281 3336 295 3364 ⁴
353 3339 425 3403 Aliis
446 3343 543 3405 caelum
566 3344 664 3404 dicitur
680 3359 712 3402 ut
734 3339 834 3403 retiner,
848 3340 1004 3404 TURNEBu
1022 3340 1128 3402 Merito
1145 3339 1211 3401 illud
1231 3341 1334 3403 AElr‘trt

352 3443 410 3483 non
428 3425 549 3506 agnoscit
571 3440 653 3486 vetus
669 3424 808 3504 scriptura.
823 3423 869 3483 sed
883 3444 940 3483 non
978 3424 1093 3505 operior,
1108 3423 1156 3484 sed
1175 3426 1232 3505 post
1254 3446 1334 3499 reorQ

352 3504 498 3587 iegendum
516 3506 582 3569 esset
599 3509 654 3569 ita:
675 3507 757 3585 Quod
766 3507 823 3584 post
840 3526 895 3565 reor
910 3446 990 3564 muiio
1002 3506 1094 3585 potius
1110 3505 1200 3565 tulare
1213 3528 1231 3565 a
1248 3506 1312 3566 culo
1320 3550 1332 3577 ,

352 3607 429 3663 quam
447 3589 536 3648 cultum
556 3589 714 3650 ueniendo.
736 3588 872 3649 Senum,
896 3586 1025 3667 Antiquae
1042 3586 1173 3647 editiones
1190 3605 1250 3646 non
1273 3588 1332 3646 ha·

353 3666 420 3761 hent
448 3691 552 3736 vocem
573 3670 689 3768 Allius,
713 3669 788 3731 unde
817 3668 939 3763 suspicor
966 3668 1135 3763 legpndumt
1158 3670 1222 3731 Cum
1245 3668 1334 3751 poffit

347 3749 1328 3915 titireffssniiissiiiiiiii'iiiiiiiiiiaiiiii

231 3944 236 3955 ·
351 3910 398 3986 sa3
418 3914 534 3975 aiterum
551 3937 568 3975 a
584 3913 719 3985 celando,
734 3916 875 3975 contrario
896 3914 1028 3985 nomine,
1045 3912 1126 3993 quod
1141 3914 1253 3976 minime
1279 3930 1326 3969 ce·

330 4083 331 4086 Ἴ
350 3990 455 4075 iatum,
470 3995 518 4061 sed
536 4015 663 4083 opertum
686 3994 729 4060 iit.
746 4012 891 4078 utrumque
908 4015 965 4057 non
990 3995 1079 4072 male,
1099 3995 1187 4079 inquit
1212 3993 1330 4057 Varro:
