3209 4967
491 492 568 565 IN
615 491 914 564 LIBRUM
962 494 1033 565 Vi.
1169 520 1233 591 ¹73

363 652 459 709 Teneor
471 650 597 728 constptn,
615 649 730 728 undique
743 668 830 712 venor.
850 649 982 711 Seruo.

320 728 366 791 lin.
387 749 432 812 15.
448 731 570 791 Perside
587 728 708 811 polum]
868 725 885 735 ³

442 845 478 859 -
497 812 615 871 Peruade
626 811 717 890 posunt

359 895 507 972 Splendida
527 894 618 951 nundi
629 895 716 971 surina
737 892 805 974 bigis

361 976 500 1035 Continuis
512 975 564 1056 sex
584 978 640 1053 apti
653 975 750 1054 fignis.

202 1105 206 1110 ·
279 1066 323 1129 lta
334 1068 412 1129 saciie
427 1069 607 1130 emendamur
624 1069 660 1128 illi
676 1069 827 1151 perturbati
846 1071 883 1135 ἃ,
894 1068 1014 1152 corrupti
1036 1070 1137 1133 versus.
1155 1070 1241 1135 Ordo

279 1149 339 1211 est:
356 1152 476 1212 Perunde
489 1152 580 1231 polum
596 1151 683 1232 bigis,
704 1150 877 1232 appositive,
896 1151 1137 1233 Splendidafidera
1151 1155 1241 1214 mundi

280 1234 339 1309 apti
357 1236 407 1310 sex
425 1234 532 1312 fignis:
549 1248 597 1303 ut,
619 1232 709 1292 Axcrn
734 1236 835 1292 irurnero
854 1250 954 1313 torquet
972 1232 1057 1314 stellis
1073 1232 1240 1314 fitlgenribus
1263 1299 1265 1305 ,

280 1333 378 1393 aptum.
405 1313 543 1373 Mundum
561 1319 628 1396 eigo
652 1328 748 1391 aptum
774 1313 820 1373 sex
841 1312 923 1395 signis
943 1312 1065 1395 intelligit
1088 1314 1143 1375 hoc
1162 1316 1240 1396 supe·

279 1396 335 1535 gius
359 1394 599 1476 hemispherium:
620 1415 685 1456 nam
707 1394 753 1455 sex
771 1395 855 1455 altera
876 1394 952 1479 signa
973 1396 1031 1456 sunt
1053 1396 1081 1455 in
1100 1394 1242 1463 inferiore.

302 1491 416 1539 cALIG.
1178 1536 1181 1543 .

323 1573 383 1631 ead.
405 1572 498 1651 Bigeis
515 1570 660 1632 continueis
671 1571 768 1653 secepit
781 1570 879 1650 spoliis
902 1572 982 1651 &c.]
1000 1570 1181 1654 Legendum:
1204 1606 1238 1621 -

284 1654 421 1713 Continuis
435 1657 483 1731 sex
497 1653 554 1733 apri
563 1655 669 1735 fignis,
683 1668 714 1712 ut
731 1652 809 1734 supra
819 1650 975 1713 docuimus.
993 1654 1028 1713 Et
1033 1653 1131 1733 spoliis
1143 1654 1242 1734 depra-

282 1751 380 1793 vatum
398 1754 433 1793 ex
448 1754 521 1795 voce
528 1735 625 1825 fignis.
642 1734 735 1813 Signis
751 1733 896 1813 legendum
907 1733 960 1793 esse
977 1734 1031 1812 ipse
1042 1736 1136 1797 Varro
1155 1736 1243 1794 mani.

282 1813 349 1875 sesie
361 1815 460 1889 docet,
479 1816 525 1895 qui
538 1835 599 1891 ejus
612 1817 694 1878 vocis
709 1816 979 1895 interpretamentum
996 1815 1090 1875 subdit.
1108 1816 1241 1878 Scauro.

282 1892 323 1953 Ita
333 1896 467 1957 citaverat
480 1896 584 1966 Varro,
598 1896 735 1957 Continuis
749 1898 800 1973 sex
816 1896 872 1977 apti
884 1898 914 1977 s.
928 1894 1005 1967 polus
1025 1896 1150 1955 Gracurn.
1165 1895 1241 1957 Nam

283 1976 396 2055 quando
411 1974 564 2035 notissimus
575 1993 632 2037 erat
648 1977 726 2036 locus
736 1976 868 2049 audioris,
905 1978 932 2033 ui
945 1976 1089 2049 citabatur,
1102 1977 1130 2051 ,is
1150 1975 1242 2059 surgu-
1324 2022 1325 2025 ,

283 2056 382 2115 laribus
391 2056 485 2130 literis,
500 2078 556 2117 non
567 2058 678 2141 integris
694 2057 865 2117 scribebatur.
883 1998 972 2135 duod
985 2056 1041 2117 sere
1057 2057 1162 2139 semper
1172 2059 1243 2119 sece-

282 2158 325 2195 rat
337 2136 466 2197 Donatus
480 2140 508 2197 in
522 2137 691 2199 Terentium.
706 2138 802 2218 ltaque
822 2138 888 2199 illud
895 2140 922 2219 s
928 2137 1078 2219 snguine,
1096 2137 1135 2200 est
1144 2140 1242 2219 fignis.

283 2217 328 2279 Ex
345 2213 392 2278 iisd
416 2219 495 2299 igitur
506 2222 533 2300 s
545 2220 577 2280 δι
593 2220 691 2299 polus,
716 2219 835 2280 fecerant
856 2220 962 2299 spoliis.
980 2218 1016 2279 Et
1035 2220 1094 2280 haec
1115 2241 1184 2281 vera
1202 2218 1258 2281 est'

283 2299 1259 2463 :dissidiisdiuisis?:iiiiiiisisii-

280 2463 369 2542 soliis.
382 2464 456 2523 Bina
466 2465 538 2544 solia
552 2482 637 2523 vocat
655 2481 801 2543 utrumque
819 2462 1055 2541 hemisphaerium,
1068 2462 1190 2540 superius
1207 2464 1240 2524 δι

283 2542 412 2605 inferius:
433 2564 552 2624 quorum
576 2539 793 2625 unumquodque
815 2542 1056 2623 separatim'habet
1077 2542 1123 2601 sex
1145 2542 1240 2624 signa,

278 2625 356 2685 ‘unde
370 2642 506 2686 notantur.
523 2627 640 2706 sefepit,
654 2623 747 2697 idest,
760 2625 874 2703 seorsum
883 2626 973 2683 munit.
984 2624 1078 2683 Varro
1087 2621 1191 2685 Dolio:

322 2740 382 2754 -
394 2707 489 2766 limbus
503 2710 606 2785 pinus,
625 2707 676 2767 Bis
688 2708 739 2787 sex
750 2707 836 2786 stgnis
853 2702 1086 2787 stellimicanribus.
1107 2702 1241 2767 POPMA.

323 2800 369 2861 lin.
392 2822 438 2861 20.
464 2801 576 2875 Sidera,
600 2822 655 2881 qun
672 2801 820 2879 infidum]
839 2800 924 2881 Vulg.
946 2800 1010 2880 quia
1033 2800 1153 2878 infidum.
1173 2801 1242 2879 infi-

282 2883 367 2956 dunt,
380 2877 553 2960 iniissent.
573 2883 684 2942 Aratus.
703 2880 786 2942 Unde
805 2880 933 2959 ierint.
952 2883 1087 2944 ScALIG.

323 2975 370 3036 lin.
391 2995 425 3034 21
451 2974 492 3057 sq.
509 2977 598 3054 Quare
613 2974 746 3055 &signum
766 2980 881 3035 candens
898 2976 927 3035 in
947 2976 1090 3055 Hesiona]
1108 2972 1193 3053 Vulg.
1212 2972 1256 3039 in,

279 3062 386 3138 pedore.
403 3055 497 3139 Lego:
517 3058 550 3119 A
567 3080 620 3137 qua
634 3079 658 3116 re
664 3059 766 3137 fignum
785 3058 900 3115 candem
915 3057 943 3115 in
955 3077 1054 3137 pecore.
1072 3054 1220 3137 Virgilius:

465 3140 619 3199 -ὸ
633 3140 739 3198 nonina
759 3140 845 3219 gentis
865 3138 961 3200 inurat.

281 3230 516 3310 instrumentum,
532 3253 590 3314 quo
611 3248 763 3311 perurunt,
785 3230 884 3290 diciiur
913 3226 1054 3291 chatasier
1075 3227 1112 3289 rei
1137 3225 1242 3289 rusiicae

284 3314 445 3375 auiioribus.
462 3315 590 3374 Verbum
610 3330 720 3385 autem,
739 3312 854 3395 srgnare.
873 3310 999 3372 Nonius:
1014 3311 1125 3391 Signare
1140 3327 1243 3425 oportp

278 3396 393 3476 frontem
418 3398 496 3455 calda
514 3396 623 3476 forcipe.
642 3396 760 3456 Veteres
781 3395 921 3453 vocabant
950 3390 1109 3471 Dignorare.
1130 3388 1240 3452 Festus.

288 3478 460 3557 Dignorant,
473 3478 552 3556 figno
569 3480 720 3554 imponunt,
740 3493 768 3532 ur
778 3475 841 3552 fieri
853 3475 921 3553 fissit
938 3476 967 3533 in
988 3475 1132 3553 pecoribus.
1149 3469 1193 3532 Sic
1210 3474 1242 3535 &

286 3560 349 3639 equi
362 3558 482 3637 quadam
497 3573 563 3618 nota
581 3556 800 3656 infipniebantur.
817 3556 980 3619 Anacreon:

363 3637 404 3697 'Er
424 3637 535 3719 ἰσχίοις
553 3637 604 3717 μὲν
623 3637 712 3699 inurat

364 3722 455 3800 Ilupbs
476 3717 621 3801 χάραῃί
640 3718 753 3800 ἔχουσι.
791 3741 795 3752 ·

197 3789 201 3796 ’
281 3811 351 3875 lude
377 3812 451 3891 apud
476 3812 692 3893 Aristophanem
712 3812 883 3895 nnunipar,
909 3811 983 3894 apud
1006 3810 1158 3871 Lucienum
1183 3829 1243 3872 rtet·

281 3891 438 3971 nnupsdur,
452 3892 502 3952 nai
517 3892 703 3972 munissent,
716 3899 805 3975 qui&
824 3893 990 3954 rannerius
1006 3889 1157 3974 Hesychio.
1173 3888 1242 3953 ltem

282 3976 356 4057 apud
372 3972 537 4037 Strabonem
556 3975 696 4057 nunopipor
714 3976 863 4058 napulie.
880 3974 1091 4037 instrumentum
1100 4014 1111 4045 ,
1126 3989 1182 4053 quo
1198 3974 1243 4051 ing
1281 4004 1283 4010 ·

485 4269 499 4327 ἶ
