3209 4967
383 374 1005 493 “intinnunvt.
1139 396 1296 524 159·x

391 570 396 576 ’
421 576 482 637 Jam
504 576 607 636 Saliare
628 578 723 637 Nunnae
743 598 857 637 tarmen.

239 654 327 717 Erant
343 656 375 718 &
395 675 541 717 ammenta
564 659 707 731 carmina,
723 678 785 739 quae
801 656 911 719 assiliit
931 656 1166 743 componebantur
1177 666 1206 725 in

239 739 377 798 honorem
398 735 568 821 singulorum
589 738 742 816 Deorum,
763 738 919 813 utJovialii
943 740 1057 814 versus,
1075 741 1206 821 junoni,

238 818 387 891 Minervii3
405 820 521 891 abano,
539 820 614 910 quod
630 818 684 891 ell,
705 822 841 894 nomino,
858 821 1002 902 appellato.
1021 818 1111 883 Vetus
1132 824 1206 885 lexi-

240 920 297 958 con
319 899 509 980 interpretatur
530 900 626 961 vetsus
644 902 818 961 inhonorem
836 900 981 976 Herculis,
996 904 1082 984 quiin
1098 902 1156 984 ejus
1167 906 1207 967 sa.

237 982 292 1039 oris
314 981 489 1066 canebantur.
507 981 681 1058 Axamenta,
700 982 803 1064 στίχοι
825 981 875 1045 ἐπὶ
898 982 1003 1047 θυσιῶν
1025 982 1207 1067 Ἡρακλέους.

239 1061 267 1125 Τ
269 1077 393 1123 unuin.
656 1134 659 1139 ⁷
1223 1060 1240 1082 “

281 1143 329 1203 lin.
351 1166 369 1220 7
392 1142 430 1224 sq.
452 1146 494 1206 ob
508 1144 592 1205 curior
614 1144 652 1221 fit
668 1142 814 1220 uoluntas,
835 1146 863 1206 in
882 1148 1028 1228 posteriores
1048 1168 1101 1207 non
1119 1168 1207 1229 repre·

238 1226 382 1285 hendendo.
396 1224 481 1304 igitur
518 1226 609 1285 Locus
626 1224 792 1301 mendosus,
818 1228 857 1286 ita
873 1226 983 1289 fottalle
998 1228 1204 1292 emendandus:

243 1305 376 1367 Voluntas
392 1306 554 1385 inpafitorit.
569 1308 634 1369 Non
645 1309 841 1387 reprehendendi
854 1308 935 1388 igitur
949 1309 1002 1372 illi.
1020 1310 1205 1374 Aucusml.

278 1387 324 1450 nn
342 1407 388 1447 11.
409 1384 562 1469 fretun]
585 1386 759 1470 Uesuuius.
778 1404 877 1451 min.

612 1576 748 1676 Pagina.
772 1577 835 1650 80..

280 1714 325 1776 lin.
342 1733 367 1777 1.
384 1712 497 1796 Poffitne
511 1713 564 1776 diti
581 1736 627 1776 net
640 1715 747 1798 multa]
764 1713 943 1799 Legmdum:
960 1710 1071 1793 Poffunt
1086 1712 1147 1773 duei
1161 1734 1206 1775 nee

240 1796 335 1857 multa.
351 1796 460 1872 Verba,
476 1798 577 1880 inquit,
594 1816 655 1879 quae
668 1796 773 1858 habent
783 1816 898 1879 etymo,
913 1792 1014 1856 censeri
1028 1792 1136 1876 poliunt
1148 1814 1207 1855 non

239 1877 344 1949 inulta,
372 1889 517 1958 propterea
562 1878 620 1938 uod
641 1880 793 1939 literatores
822 1899 911 1958 pauca
942 1875 1119 1935 tradiderunt.
1148 1879 1209 1937 Nee
1295 1952 1297 1957 Ι

239 1978 293 2038 pro
311 1979 383 2029 non,
407 1979 436 2019 ut
463 1961 490 2017 in
581 1955 658 2019 Tab.
680 1963 787 2021 Furtum
812 1981 859 2019 nec
879 1958 1049 2099 manifeqlurn.
1076 1954 1203 2018 Plautus:

239 2041 300 2100 Nec
318 2045 379 2099 relic
398 2040 475 2100 dicit.
499 2039 621 2102 Cicero:
640 2043 699 2102 Nec
713 2041 836 2120 opinanti
851 2040 955 2101 accidit.
996 2052 1104 2099 OPMA.

282 2118 344 2179 ead.
365 2120 412 2180 Ab
425 2143 476 2197 ea,
489 2126 561 2203 quod
574 2143 627 2183 non
651 2140 726 2186 erunt
750 2120 832 2203 δια]
854 2120 947 2183 Locus
963 2118 1122 2183 mendosus.
1138 2116 1207 2181 Au·

240 2214 385 2263 GUSTIN.

282 2282 329 2344 lin.
347 2300 372 2361 3.
395 2285 429 2344 In
440 2282 558 2365 primu]
581 2283 676 2366 Matg.·
691 2281 790 2367 Scalig.
807 2282 837 2342 in
856 2281 961 2362 prinis.

281 2362 328 2425 lin.
345 2365 365 2427 6
382 2364 421 2445 sq.
442 2367 506 2427 Cum
521 2386 575 2424 non
598 2368 674 2424 modo
695 2365 868 2445 Epimenides
884 2365 942 2445 post
960 2384 1046 2423 annos
1069 2360 1206 2443 quinqua-

238 2442 318 2523 ginta
340 2445 509 2528 expeditus.]
533 2445 620 2528 Vulg.
639 2448 702 2508 can
722 2468 773 2504 non
788 2445 863 2504 modo
885 2444 1054 2525 Epimenidit
1068 2466 1134 2583 obius
1148 2446 1206 2524 post

238 2546 326 2586 annos
342 2528 534 2608 quinquaginta
551 2528 708 2607 expeditum.
721 2528 810 2609 Lege:
826 2529 889 2587 Cum
908 2548 961 2583 non
976 2526 1052 2586 modo
1096 2526 1204 2605 pimeni-

238 2607 283 2663 dis
313 2627 408 2686 corpus
429 2611 486 2687 posi
514 2620 601 2667 annos
626 2609 819 2688 quinquaginta
850 2605 1018 2686 expergiturn.
1042 2604 1206 2686 Expergitus

239 2706 292 2767 pto
316 2688 487 2769 expeti·e&us
506 2708 616 2749 veteres
638 2688 775 2775 difebant.
803 2684 907 2747 Festus.
932 2684 1135 2747 Plutarchus&
1159 2686 1205 2745 alii

239 2786 306 2825 cum
320 2767 450 2828 Varrone
465 2769 500 2828 de
513 2788 632 2830 nurnero
646 2789 783 2829 annorum
797 2766 978 2829 conveniunt.
997 2767 1121 2828 Laertius
1135 2787 1207 2827 veto

239 2848 396 2988 poniiqu‘
426 2848 562 2911 Semo.
590 2849 669 2910 idem
691 2871 744 2932 pro
769 2842 926 2931 expeditus,
950 2849 978 2910 in
1003 2849 1126 2931 margine
1153 2868 1207 2909 ex-

257 2950 310 2988 erre
350 2950 374 2990 s.

234 2949 257 3008 p
281 3009 328 3071 lin.
349 3031 377 3093 9.
392 3010 575 3093 Duodecin.]
596 3011 688 3093 Mutg.
705 3009 804 3093 Scalig.
821 3012 926 3085 liccem.

262 3091 326 3153 lin.
351 3112 394 3152 ιι.
412 3096 529 3171 Quorum
546 3094 714 3173 fiPornpilii
728 3112 832 3174 regnunt
841 3089 935 3171 fhnn]
956 3094 1074 3172 Quorum
1086 3090 1114 3169 fi
1128 3088 1209 3149 Pom.

235 3170 300 3252 pilii
330 3194 435 3254 regnum
457 3172 538 3254 foris.
563 3173 605 3235 lta
631 3175 733 3236 habent
757 3172 895 3233 nonnulli:
921 3175 996 3255 quod
1022 3190 1079 3231 non
1106 3171 1210 3252 impro-
1287 3195 1291 3203 ·

240 3254 299 3317 bo:
319 3253 406 3314 immo
424 3273 493 3334 puto
505 3253 559 3316 elle
580 3276 691 3319 verunt.
706 3254 749 3316 lta
769 3255 917 3336 loquuntur
941 3270 1059 3317 veteres.
1081 3250 1211 3352 Bacchy*

239 3332 326 3395 lides:
350 3334 404 3406 Ti,
426 3336 594 3408 uenientes,
611 3337 664 3411 ri,
682 3358 716 3397 τε
732 3335 799 3410 itit,
815 3328 844 3397 οὗ
866 3332 967 3417 ῥᾷστον
984 3330 1107 3418 ιἰῤῥήτωι
1123 3334 1214 3397 intentu

239 3414 341 3477 ninus
362 3415 485 3499 ἐξευρεῖν.
503 3418 640 3481 Semo.
688 3468 693 3495 .-
718 3459 722 3485 .

280 3479 326 3589 'il
356 3518 401 3576 ¹7·
431 3498 522 3560 Multo
545 3517 621 3559 tantu
641 3497 780 3581 μορίαι]
800 3498 885 3557 Tanto
908 3497 1055 3559 delendum
1080 3494 1129 3558 est.
1151 3497 1213 3565 Auq

241 3593 385 3642 GUSTIN.

281 3661 329 3720 ln.
352 3680 386 3740 23
409 3660 449 3741 sq.
468 3664 511 3722 Ut
524 3661 588 3744 quia
611 3652 690 3742 quate
705 3662 744 3720 ad
757 3660 906 3719 medendum
927 3658 1091 3739 neniam]
1110 3657 1141 3714 A
1158 3676 1211 3713 nte·

238 3744 324 3801 dendo
337 3740 473 3816 medicina,
487 3745 609 3823 quidam.
626 3741 671 3803 sed
683 3736 741 3801 non
755 3740 794 3802 est
805 3742 884 3802 locus
896 3743 1010 3823 integer.
1020 3742 1210 3809 ΑυουεΤιΝ,

239 3823 340 3885 Scribo
349 3841 362 3886 :¹
377 3824 418 3883 Ut
436 3824 515 3900 quari
528 3845 609 3903 aqua
623 3846 649 3882 re
656 3827 693 3902 fit
703 3825 742 3880 ad
754 3824 912 3883 medendum.
932 3820 1082 3883 TURNEB.

281 3905 328 3965 lin.
343 3902 392 3965 28.
402 3904 518 3985 Equite‚
530 3905 636 3985 equitem
649 3902 716 3985 ah]
730 3902 821 3987 Matg.
836 3902 935 3986 Scalig.
948 3899 1152 3985 Equito,equit0
1162 3896 1209 3962 abi
1241 3938 1246 3943 ·
