3209 4967
308 502 356 539 “’
435 542 974 643 ruiturum-ru
1105 568 1179 644 ¹93

265 704 389 785 Demiffls
407 708 539 782 humeris,
559 706 644 783 vindo
662 704 780 786 pellere,
803 724 833 766 m
852 705 965 786 graciles
976 706 1065 784 fient,

193 846 196 863 ,
265 790 298 849 si
318 810 370 929 ppo
385 789 423 869 'est
439 788 553 850 habitior
567 788 652 871 poulo
662 833 673 861 ,
689 787 802 871 pugilem
823 788 871 868 effe
891 786 989 868 ajunt,
1006 788 1137 869 desuem
1205 784 1209 790 ’

305 890 329 927 ca
347 891 397 928 um.
909 912 917 929 .

201 928 303 1011 luam
321 948 407 1009 fasciis
423 950 474 1009 illis
492 948 623 1027 spamus
636 950 669 1011 dt
683 968 777 1031 aequos
788 948 919 1010 humeros
934 947 1103 1023 reddebant,
1120 968 1186 1011 curn
1282 978 1288 983 ·

224 1046 323 1090 contra
340 1034 368 1090 in
384 1031 521 1121 pugilibus
536 1028 588 1089 srnt
609 1032 704 1093 totosr.
718 1031 898 1112 Xenophon:
913 1024 1011 1108 idonee
1031 1030 1056 1093 oi
1072 1030 1188 1093 adurat

225 1110 292 1173 τοὺς
303 1112 355 1190 μὲν
370 1113 462 1190 ὤμους
477 1106 687 1193 παχύνονται,
699 1116 740 1173 ult
750 1112 784 1174 li
801 1111 890 1174 σκίλιι
905 1109 1103 1175 λεπτὺιοιτιιι.
1111 1112 1187 1195 Ergo

227 1190 352 1274 strophio
374 1214 511 1254 tumorem
532 1194 693 1275 papillarum
711 1194 894 1266 cohibebant,
911 1193 1000 1253 fasciis
1014 1193 1063 1252 illis
1084 1195 1187 1255 hunre-

216 1290 322 1334 ·rorom
339 1273 508 1356 castigabant
522 1274 708 1354 superfluum,
724 1276 756 1336 δι
767 1274 843 1356 quast
859 1274 1097 1337 luxuriantemnul
1111 1296 1188 1356 copi·

226 1353 329 1436 primo
349 1354 591 1437 habitum..ltaque
606 1357 680 1437 apud
702 1355 856 1431 Ovidium,

271 1438 431 1502 Conveniunt
448 1437 558 1497 humeris
572 1455 661 1496 tenues
679 1439 829 1497 omeletidcs
844 1436 925 1510 altis,

228 1535 282 1599 ego
299 1518 363 1599 lego
378 1518 537 1579 omalerides.
557 1512 733 1599 sponsales
751 1518 824 1579 enim
840 1516 970 1578 videntur
987 1531 1096 1578 vocata
1113 1515 1168 1579 esse
1177 1562 1189 1591 ,

230 1598 307 1679 quod
324 1601 357 1659 iis
379 1598 555 1679 aquabantur
579 1600 686 1661 humeri
704 1602 736 1662 dt
753 1600 1005 1681 complanabanrur.
1024 1599 1160 1662 Senum.

228 1760 252 1821 A
271 1680 317 1740 lin.
347 1700 392 1763 ις.
415 1681 562 1758 Calculom,
578 1683 807 1761 commoratam]
828 1683 896 1740 Αιιι.
910 1677 997 1742 Plaut.
1015 1680 1045 1739 in
1062 1679 1189 1761 Epidico.

257 1774 419 1825 UGUSTIN·
554 1781 556 1785 ’
1059 1779 1067 1795 Χ

272 1842 319 1903 lin.
343 1846 379 1905 16
403 1841 440 1924 sq.
465 1840 601 1905 Vocabulu
626 1860 753 1923 apparent
768 1842 816 1931 ff
837 1826 944 1916 Gioco,
966 1859 997 1901 ιιι
1015 1836 1192 1923 ἄσβεστον]

150 1938 152 1943 ’
173 1926 178 1937 ’
233 1921 318 2005 Vulg.
339 1924 475 1985 Vocabula
488 1943 597 2005 apparet
610 1922 656 2003 effe
670 1926 781 1995 Gracc,
797 1941 827 1983 ut
842 1924 975 2005 os‘byston.
991 1922 1047 1983 Hic
1061 1944 1118 1985 non
1133 1944 1193 1983 nte·

229 2002 282 2063 lior
291 2004 375 2065 editio
389 2004 527 2079 Romana,
543 2024 627 2085 quant
642 2004 755 2087 vulgata
766 2006 859 2086 prior:
872 2007 938 2085 quin
952 2006 1035 2064 etiam
1050 2023 1130 2066 vetus
1139 2024 1194 2063 me·

228 2084 293 2146 lior.
314 2087 342 2145 in
362 2106 394 2145 ea
413 2086 508 2167 legitur
530 2086 645 2165 adustum
665 2085 709 2147 Ex
725 2106 782 2167 quo
807 2083 847 2145 isti
865 2084 1070 2167 interpolatores
1085 2083 1193 2145 mirifici

231 2164 357 2225 secarunt
380 2167 520 2247 osbyston,
544 2168 678 2247 asbestum.
700 2165 791 2247 Quasr
809 2165 925 2228 veroid
950 2166 998 2225 lini
1018 2187 1104 2249 genus
1123 2166 1194 2226 inter

232 2246 398 2307 vestimenta
417 2247 651 2309 annumerandum
672 2246 722 2309 stt:
742 2249 774 2309 dt
791 2268 849 2310 non
871 2248 964 2328 potius
982 2268 1017 2308 ex
1035 2265 1193 2327 eomappae

231 2326 442 2403 conficerentur,
451 2348 509 2389 non
526 2326 625 2391 vestes.
640 2350 676 2389 ne
694 2329 761 2389 mihi
775 2329 885 2391 interim
902 2328 1061 2403 obtrudant,
1076 2346 1138 2410 quae
1155 2327 1192 2389 de

234 2428 270 2469 eo
287 2406 404 2484 Plinius,
419 2409 581 2485 Pausanias,
597 2412 629 2473 du
648 2408 803 2491 Stephanus
820 2408 986 2491 scripserunt.
1006 2409 1068 2495 Ego
1083 2410 1193 2471 mehet-

234 2488 295 2549 cule
312 2490 385 2549 illam
404 2490 549 2552 ledlionetn
565 2491 593 2551 su
614 2490 760 2573 posttitiam
773 2493 886 2567 rejicio;
901 2488 976 2551 hanc'
987 2510 1095 2565 autern,
1107 2510 1194 2573 quam

235 2587 357 2651 ponant,
384 2591 544 2653 germanam
568 2513 622 2633 else
648 2571 750 2653 quovis
776 2574 895 2654 pignore
919 2573 1126 2633 contenderim:
1151 2576 1196 2633 Ue

235 2654 375 2733 ambustum
391 2654 511 2712 Amitlus
528 2656 637 2725 diuum,
653 2655 726 2733 'quod
738 2653 889 2731 amjclbcm,
903 2654 933 2711 id
947 2654 980 2733 efl
998 2653 1190 2733 circumjaciam.
1314 2698 1317 2703 .

195 2762 200 2773 ·
236 2732 355 2795 Accedit
384 2733 507 2809 ejusdem
530 2734 665 2795 Varronis
682 2736 827 2795 ausloritas
842 2754 876 2793 ex
897 2732 966 2800 libro
991 2733 1026 2797 6:
1048 2733 1193 2813 Ambagio,
1246 2735 1250 2746 '

235 2813 340 2893 inquit,
357 2818 443 2889 dieta,
462 2833 492 2873 ut
505 2816 690 2895 Ambustum,
711 2819 781 2894 quod
803 2816 897 2873 ciccum
918 2815 999 2894 riflum
1018 2816 1060 2896 est,
1079 2813 1194 2877 Fellust

239 2896 418 2969 Amiternini,
439 2896 484 2973 qui
499 2897 567 2956 circa
587 2898 708 2955 terminos
721 2894 866 2975 provincia
886 2912 1008 2955 manent:
1024 2899 1093 2955 unde
1113 2897 1194 2958 Ami·

235 2978 298 3047 ciri,
315 2978 505 3050 Amburbium,
526 2976 576 3036 sec.
600 2974 759 3040 Didliouem
770 2982 856 3037 ‘veto
879 2974 1010 3037 Graecam
1027 2977 1071 3037 hic
1088 2977 1196 3037 desrde·

238 3058 292 3115 tati
309 3058 519 3139 quipurarunt,
539 3059 607 3117 moti
629 3057 688 3117 sunt
705 3056 922 3137 precedentibus
941 3057 1052 3130 verbis,
1068 3059 1115 3139 ubi
1129 3057 1196 3117 dicit

237 3138 352 3212 Varro,
364 3140 503 3200 vocabula
517 3138 634 3199 vellium
651 3139 736 3201 multa
753 3138 808 3199 esse
827 3137 929 3213 Gtaeea
940 3185 949 3213 ,
962 3140 1020 3201 &o
1034 3139 1168 3202 Senum.

277 3220 331 3280 lin·
348 3240 393 3301 ¹9·
409 3224 491 3301 Quod
500 3220 598 3303 velles]
619 3220 710 3302 Matg.
727 3221 825 3297 Scalig.
842 3240 900 3301 quo.
924 3252 928 3263 ·

240 3301 324 3443 sclin.
345 3322 390 3361 21.
410 3301 590 3399 Antiqpiffimr
606 3299 710 3361 amemus
725 3300 868 3383 ricinium]
886 3301 1048 3395 Legendum
1066 3290 1196 3366 amissum.

285 3396 375 3445 ALIG.

279 3466 324 3525 lin.
344 3484 389 3538 ²4·
412 3464 507 3523 Paria.
523 3463 535 3545 ]
549 3458 563 3527 ir
579 3460 707 3525 dranosa.
724 3461 756 3523 ln
773 3464 832 3528 vita
848 3464 989 3525 Aureliani
1003 3466 1196 3547 imperatoris,
1229 3507 1232 3511 -
1341 3463 1343 3467 ’

241 3546 376 3605 Mantelia
390 3547 439 3603 duo
456 3546 495 3623 Cy
510 3548 569 3618 tria,
583 3547 663 3627 paria
675 3548 736 3604 duo.
752 3545 799 3604 Ab
816 3564 862 3618 eo,
874 3546 952 3628 quod
969 3567 1050 3626 pates
1065 3550 1134 3608 olim
1148 3548 1197 3606 di-

240 3629 372 3685 cebantur
387 3627 452 3687 duo.
497 3624 582 3703 estus:
598 3626 713 3685 Pacilus
728 3626 821 3705 equis,
839 3628 869 3684 id
884 3628 927 3709 est,
947 3630 1065 3701 duobus,
1079 3630 1199 3690 Romani
1239 3677 1264 3704 ι,

240 3708 381 3767 utebantur
398 3710 425 3765 in
439 3709 547 3787 prelio..
560 3707 684 3789 Intelligit
704 3710 779 3768 enim
796 3705 969 3785 ἀμφίππους
983 3712 1096 3787 equites
1111 3707 1197 3767 Unde

237 3789 373 3871 parotium
388 3788 451 3847 illud
469 3787 688 3861 aes'dicebatur,
703 3788 778 3868 quod
793 3788 894 3869 duplex
910 3790 995 3869 equiti
1012 3790 1128 3850 dabatur
1144 3809 1198 3869 pro

240 3869 349 3929 duobus
364 3872 457 3950 equis:
473 3868 572 3929 Graece
590 3868 787 3930 mordereris.
800 3868 877 3943 ¹vide
898 3867 1019 3930 Suidam.
1035 3870 1083 3930 Ab
1102 3870 1199 3929 eadent

240 3969 332 4011 mente
349 3948 624 4021 Pararius‘Senecae,
643 3949 834 4029 mergereris,
851 3952 927 4033 quod
946 3952 1015 4012 inter
1027 3950 1098 4013 duos
1116 3946 1198 4033 stipu-

242 4032 326 4094 lantes
346 4032 411 4094 ellet
424 4027 644 4115 meoeppvurir·
660 4034 794 4095 scano.
