3209 4967
475 523 544 623 382
814 518 1110 596 NOTAE

517 688 640 758 umas,
655 682 762 763 nihil]
783 682 897 745 Lucuns
911 702 997 766 genus
1014 682 1135 765 panifieii
1153 679 1425 743 meinamma
1472 661 1474 738 l

449 770 454 783 ¹
477 784 519 827 rat
535 766 628 827 Varro
649 766 696 827 lib.
717 787 734 825 2
752 764 813 825 Peri
832 766 860 829 li.
879 762 976 825 Festus
997 786 1085 825 vocat
1106 763 1260 825 htcunter:
1275 762 1377 824 Gratis
1392 757 1424 822 en

478 845 655 925 Muneris,
667 847 705 906 ab
722 845 788 927 aspe
842 868 877 909 ne
893 846 1006 921 farinae,
1023 866 1085 927 quae
1100 846 1162 905 alba
1175 844 1223 906 est.
1239 845 1314 904 Hinc
1328 846 1425 905 Lucun·

477 928 554 989 culus
570 925 692 1011 Apuleio
706 926 755 989 lib.
780 946 818 991 ro
832 928 868 989 de
887 927 978 989 Alina
998 946 1098 989 aureo:
1116 928 1231 1000 Panes,
1249 927 1371 1005 caesnia,
1382 926 1425 999 lu·

477 1009 617 1083 mulus,
635 1012 745 1083 lamas,
759 1009 899 1069 lacertulos
910 1054 921 1080 ,
932 1009 1012 1089 plura
1025 1011 1182 1089 scitamenta
1197 1008 1305 1069 milita.
1321 1004 1423 1067 Tertull.

478 1091 513 1153 de
531 1088 715 1172 Speilaculis:
737 1090 885 1150 Stillr'aidia
902 1091 988 1151 mellis
1003 1091 1185 1161 delueuneulu
1204 1106 1340 1148 uenenato.

526 1184 598 1241 Earn
615 1182 786 1263 fieppetias.]
809 1182 855 1243 ire
872 1180 1025 1276 suppetias,
1042 1198 1072 1241 ut
1086 1181 1198 1263 Oppius
1212 1181 1260 1240 lib.
1280 1201 1294 1262 5
1308 1180 1342 1240 de
1358 1177 1424 1238 bello

384 1282 396 1305 t
479 1262 570 1327 Afric.
590 1266 794 1325 Nuntiabantur
811 1264 919 1322 auxilia
944 1284 1066 1344 magna,
1089 1264 1267 1344 equitatusque
1297 1261 1423 1341 oppidanis

471 1346 611 1427 suppetias
630 1348 724 1407 venire.
742 1346 798 1419 ἃ,
819 1346 984 1427 oppidisque
994 1346 1135 1426 suppetias
1145 1345 1278 1427 prasetlus
1298 1345 1340 1423 esi

518 1440 577 1499 Nec
594 1461 650 1510 res,
667 1460 712 1497 rue
724 1440 828 1517 ratio]
851 1436 992 1520 Significat
997 1439 1122 1513 ,nullam
1140 1438 1196 1501 elle
1214 1436 1422 1503 consolationem,

477 1520 582 1579 nullunt
602 1518 741 1579 auxilium.
756 1517 872 1580 Terent.
888 1522 916 1579 in
932 1520 1034 1581 Heaut.
1053 1520 1143 1603 jungit
1159 1541 1220 1581 rem
1234 1521 1267 1583 δι
1284 1514 1422 1579 oonfiliun:

519 1614 579 1674 Aut
597 1614 774 1694 consolanda,
795 1630 845 1672 aut
862 1613 989 1693 confilio,
1007 1631 1095 1674 autre
1110 1614 1216 1696 juvero.

476 1706 606 1771 Similiter
622 1706 733 1769 Plautus
746 1705 897 1768 Pseudolo:

478 1788 481 1794 ’
518 1791 623 1853 Juuaba
642 1807 690 1849 aut
709 1812 755 1865 re,
776 1809 826 1849 aut
844 1810 938 1870 opera,
958 1804 1008 1849 aut
1025 1785 1132 1867 capilio
1150 1787 1230 1846 bana.

478 1882 617 1950 Sallustius
629 1880 765 1945 Catilina:
779 1884 873 1962 Neque
892 1901 953 1956 res,
972 1901 1053 1961 neque
1066 1882 1128 1961 spes
1148 1882 1219 1939 bona
1239 1878 1306 1938 ulla.

519 1964 687 2045 Disaciaque
702 1962 791 2023 amnia
810 1961 889 2043 δια]
912 1960 1021 2021 Totum
1046 1961 1102 2022 hoc
1121 1960 1216 2021 sumfir
1234 1982 1253 2024 a
1269 1946 1419 2020 Luciliolilr·

480 2066 518 2127 ²9
535 2044 627 2125 Satyr.
647 2044 695 2104 ubi
710 2042 840 2105 Nefantia
856 2064 910 2123 pro
926 2041 1051 2103 nefandis
1068 2042 1166 2123 posuit
1252 2097 1260 2107 ,

520 2138 582 2197 Hoc
601 2140 661 2199 dica
685 2136 910 2219 conpendiaria]
930 2136 1052 2218 Ellipsrs,
1072 2159 1125 2218 pro
1149 2135 1358 2219 compendiaria
1373 2131 1417 2190 vit·

477 2215 582 2279 Seneca
598 2218 634 2279 ad
647 2216 798 2281 Luciliumt
820 2220 902 2278 Hane
922 2218 1011 2297 itaque
1027 2220 1244 2297 conpendiariam
1262 2212 1417 2300 excogitavit:

372 2308 374 2313 '
477 2299 528 2374 ἃ,
542 2302 592 2362 Aa
603 2300 735 2361 maximas
755 2318 780 2361 te
797 2300 910 2361 diuitias
923 2302 1114 2380 conpendiaria
1128 2304 1232 2361 duran.

517 2388 728 2472 Strenuus]
746 2390 936 2454 comitiorum
950 2392 1022 2454 ratio
1040 2391 1138 2456 severa
1151 2394 1299 2477 &integra
1309 2435 1319 2467 ‚
1330 2402 1418 2467 tenrpo·

476 2472 551 2535 ribus
566 2476 724 2550 majorum,

519 2568 645 2628 Serranus
666 2567 805 2649 Curiosque
823 2565 904 2643 tulit,
919 2566 1053 2653 fascesque
1070 2590 1118 2650 per
1135 2590 1205 2632 arua

521 2662 661 2736 Tradidit,
681 2686 742 2745 eque
754 2666 807 2745 suo
826 2666 936 2726 diliator
952 2666 1025 2724 venie
1044 2684 1143 2730 aratra.

371 2806 377 2831 ,
478 2755 518 2815 ait
534 2754 684 2818 Manilius:
704 2755 799 2836 postea
819 2760 955 2839 corruptis
972 2760 1115 2833 moribus,
1138 2757 1260 2836 populus
1279 2754 1347 2816 nullo
1360 2746 1417 2809 dela

479 2834 537 2909 itu,
563 2837 637 2896 nullo
655 2837 761 2913 judicio
776 2838 838 2899 usus
855 2842 883 2897 in
909 2840 1073 2901 mandandis
1099 2839 1309 2921 magistratibus.
1328 2838 1359 2895 ita
1377 2830 1417 2890 faei

475 2915 620 2978 bominum
635 2919 732 2998 irrupit
747 2921 776 2978 in
792 2921 916 2982 curiam:
933 2921 1011 3000 quod
1028 2922 1086 2982 hoec
1104 2919 1204 3002 Satyra
1219 2934 1305 2980 norat.

519 3006 553 3068 In
568 3009 635 3068 anni
659 3009 863 3089 tetrachordia]
889 3008 1036 3092 Eleganter
1054 3015 1087 3074 &
1107 3029 1180 3091 apte.
1200 3032 1267 3070 nam
1288 3002 1417 3086 tetraclwfss

479 3086 555 3148 diurn
573 3088 705 3151 invenille
729 3091 845 3173 traditur
861 3089 1017 3153 Mercurius
1032 3113 1067 3152 ex
1090 3094 1221 3153 varietate
1244 3106 1353 3173 quatuor
1367 3091 1416 3140 ann

478 3187 655 3251 tempotum,
675 3188 705 3229 ut
722 3171 812 3231 scribit
825 3170 986 3233 Macrobius
1001 3173 1045 3233 lib.
1065 3194 1077 3233 1
1096 3171 1233 3234 saturnal.

523 3264 726 3341 Sculponeaturn
742 3268 818 3344 bigat
837 3264 920 3345 δια]
938 3264 1103 3346 Sculponeae‘
1123 3267 1306 3326 calceamenta
1321 3259 1372 3320 sunt
1384 3269 1417 3309 Ν·

480 3338 546 3402 ilica
564 3342 668 3405 Catoni
686 3368 746 3427 cap.
768 3365 823 3426 59,
842 3348 889 3406 ubi
909 3350 1051 3429 praecipit,
1069 3346 1240 3428 Sculponeas
1256 3347 1337 3405 bonas
1349 3335 1416 3431 alter·

480 3423 522 3481 nis
542 3423 620 3483 annis
643 3426 701 3485 dari
719 3446 846 3507 oportere
870 3426 977 3488 familia
998 3428 1147 3489 rusticanae.
1170 3422 1326 3509 fulgentius
1349 3432 1416 3501 inter

481 3519 611 3582 pretatur,
629 3504 715 3597 cestus
731 3508 846 3588 plumbo
857 3507 956 3591 ligatos
967 3508 1087 3581 ,Casina
1097 3509 1185 3571 Plauti
1199 3510 1244 3568 illo
1261 3502 1348 3573 versu,
1358 3491 1418 3573 ΟΜ

479 3586 564 3726 ru
575 3588 1287 3733 „trs‘rrzueeurrurtu
1300 3581 1416 3746 titul

330 3718 340 3727 .
429 3739 433 3748 ’
479 3761 524 3807 tro
536 3687 752 3830 iinxir'peiiins
765 3716 969 3829 Triptolemus(
1114 3696 1134 3734 ο
1282 3714 1290 3742 i

520 3841 608 3900 Arina
621 3840 715 3984 Drap
730 3841 772 3903 lta
787 3859 892 3914 vocat,
907 3845 1025 3921 opinor,
1051 3838 1274 3925 Triptolemum,
1287 3838 1330 3918 qui
1341 3823 1414 3889 inii·

478 3922 533 3983 tica
551 3924 661 4003 regione
678 3944 698 3983 u
710 3945 756 3984 um
774 3924 946 4004 agricultura
968 3927 1073 4007 primus
1093 3928 1220 3999 invenit,
1239 3925 1270 3985 δι
1287 3936 1338 3999 quo
1357 3920 1415 3967 mot·

479 4002 546 4065 tales
567 4004 715 4083 edoceret,
733 4005 811 4069 nans
826 4003 1014 4089 serpentibus,
1029 4008 1127 4091 quibus
1145 4011 1356 4090 tanquamecunss
1369 3999 1417 4045 ⁰¹⁶²
