3209 4967
271 561 275 571 '
397 492 1014 633 lNFRdGMENTn
1113 546 1300 659 3ῃ1

218 709 329 771 liberius
352 708 459 790 flagitiis
477 705 529 767 suis
551 708 738 789 indulgerent,
762 706 871 769 serville
886 708 967 768 etiam
988 709 1188 773 mercenariam

220 792 395 850 servitutem:
416 789 484 849 srcut
505 789 610 869 Apollo
631 790 749 870 flagrans
768 787 998 859 amore‚Admeti
1019 791 1108 872 regis,
1123 787 1183 870 ejus

220 889 344 932 armenta
355 872 453 952 pavit,
471 890 523 930 nec
537 873 645 952 agnitus
661 870 713 931 fuir
732 869 823 933 Deua
950 896 958 939 t

265 954 347 1031 Quod
365 953 394 1011 in
407 951 464 1033 ejus
482 950 539 1013 Dei
558 953 632 1033 δια]
652 950 750 1033 Quem
767 949 880 1027 Deum,
897 967 944 1012 aut
958 950 1035 1035 quod
1047 950 1185 1033 oppidum

220 1030 369 1115 tigriden,
384 1052 441 1095 non
454 1032 583 1115 intelligo.
674 1056 676 1061 ·
1288 1064 1291 1071 ·

581 1202 714 1311 Pagina*
729 1234 809 1311 303.
840 1235 845 1244 ’

265 1350 325 1412 Aut
336 1350 433 1432 sepem
454 1351 534 1433 δια]
555 1350 625 1411 Vult
644 1370 739 1431 parem
759 1350 893 1423 chorum,
909 1327 962 1411 nec
981 1348 1116 1428 imparem
1134 1325 1186 1409 mi·
1268 1363 1273 1370 “

223 1452 332 1495 merum
358 1434 484 1512 admittit.
500 1434 593 1513 itaque
609 1432 753 1513 legendum
772 1451 860 1512 puto,
878 1432 953 1491 hand
962 1433 1060 1511 fiptent
1068 1430 1182 1505 struere.

268 1513 505 1594 PSEUDONENJ
524 1512 652 1575 Prisciani
668 1534 766 1573 omnes
786 1513 847 1573 libri
868 1513 905 1573 ita
919 1512 1038 1585 habent,
1059 1509 1185 1571 auferen-

110 1630 119 1642 ι
212 1590 255 1653 ‘di
275 1594 346 1657 casu.
364 1616 400 1657 ex
416 1616 474 1676 quo
495 1592 565 1655 forie
593 1592 772 1655 restituendus
789 1592 886 1655 titulus
904 1595 1086 1674 Pseudoneus,
1107 1598 1185 1652 Ψεν·

224 1674 344 1753 tivene,
366 1694 396 1737 ut
414 1679 464 1737 lrac
484 1674 586 1757 Satyra
606 1674 770 1755 templorum
791 1675 893 1734 cultum
912 1672 1090 1746 vanum,'&
1106 1672 1187 1732 inuti·

222 1758 280 1821 lem
297 1754 529 1840 magnificentiam
554 1752 658 1817 botalle
681 1755 818 1834 putandus
843 1753 895 1816 stt:
917 1754 1098 1836 quodetiam
1119 1752 1186 1813 fecit

224 1838 368 1903 Arnobius
386 1838 435 1899 lib.
451 1838 470 1899 6
486 1836 629 1898 Adversus
642 1854 745 1916 gentes.

267 1920 321 1977 Per
336 1921 517 1999 modernam]
530 1917 623 1978 Varro
638 1917 685 1981 lib.
703 1936 716 1997 ς
736 1916 771 1978 de
788 1915 871 2000 Ling.
885 1915 947 1977 Lat.
957 1916 1063 1977 AEvum
1075 1914 1111 1974 ab
1123 1930 1187 1974 aeta·

226 2017 252 2061 te
266 2000 379 2065 omnium
394 2020 522 2059 annonem
532 2021 539 2063 t
551 2000 611 2059 dinc
623 2000 789 2071 oevitemum,
808 2000 880 2079 quod
893 1998 991 2075 fadum
1008 1998 1042 2074 esi
1054 2010 1183 2057 manunt.
1206 2053 1217 2069 ,,

225 2080 304 2141 Hinc
326 2080 432 2153 Poeta,
453 2082 570 2143 AEterna
588 2080 679 2161 templi
693 2081 757 2141 cali.
773 2079 851 2141 Idem
877 2078 983 2141 Doto:
994 2078 1120 2140 Mundus
1138 2078 1188 2137 dot
1239 2071 1245 2085 “

227 2180 288 2221 mus
303 2162 336 2239 efl
346 2163 465 2221 maxima
483 2160 591 2222 hortuli.
645 2160 652 2173 '
1033 2216 1037 2222 .

268 2241 555 2323 QUINQUATRIA.]
576 2242 647 2303 Hac,
658 2238 759 2323 Satyra
773 2239 919 2302 insedimus
939 2238 979 2301 est
996 2238 1138 2313 medicos,
1153 2238 1187 2300 δι

225 2319 1187 2481 irruereturm

227 2482 281 2543 suis
298 2506 385 2546 venas
406 2423 583 2555 irridebant,
608 2484 812 2543 medicamenta
831 2482 1010 2563 prabebant,
1024 2478 1188 2561 emplastra,

227 2563 345 2646 collyria
360 2564 570 2639 admovebant,
588 2562 741 2645 eademque
762 2565 859 2624 omnia
875 2584 924 2644 pet
940 2563 967 2624 se
986 2561 1138 2635 curabant,
1151 2561 1187 2623 ad

226 2664 290 2725 quae
316 2647 403 2706 aliena
423 2665 496 2705 nunc
514 2663 600 2727 opera
618 2661 738 2723 utuntur.
763 2642 818 2705 Sed
838 2644 931 2705 titulus
950 2641 989 2705 est
1006 2641 1189 2705 obscurus&

227 2744 391 2805 corruptus:
410 2726 459 2807 qui
480 2727 549 2787 mihi
568 2724 676 2786 videtur
698 2745 755 2784 non
768 2724 948 2787 incommode
973 2722 1050 2805 polle
1068 2722 1189 2800 restitui,

226 2808 375 2869 observata
390 2808 481 2869 veteri
494 2808 600 2867 ratione
621 2805 773 2880 scribendi,
793 2828 850 2888 qua
866 2806 966 2866 librarii
984 2818 1036 2887 pto
1051 2802 1129 2866 litera
1142 2803 1188 2875 C,

148 2906 151 2913 ’
227 2888 384 2950 scribebant
415 2910 448 2963 u;
465 2890 544 2964 cujus
562 2889 601 2949 rei
618 2888 756 2971 ignoratio
777 2888 901 2949 Varroni
913 2887 983 2969 saepe
1002 2886 1101 2948 vitium
1118 2903 1189 2947 artu.

227 2969 269 3031 lit.
296 2969 376 3050 Quid
396 2908 420 3030 it
444 2970 522 3051 igitur
542 2971 586 3031 hic
617 2988 784 3049 reponamus
809 2970 975 3048 Cyniciatrt',
999 2966 1189 3049 nurtnierpot?

227 3072 285 3133 quo
303 3054 418 3113 nomine
437 3068 500 3132 apte
525 3050 771 3111 dicunturmdici
792 3047 930 3132 clu'rurgi,
951 3048 1029 3131 quali
1048 3050 1136 3110 canini
1156 3051 1190 3112 δι

227 3132 390 3195 mordaces:
410 3131 486 3213 quod
508 3130 643 3202 secando,
663 3129 808 3203 vellendo,
826 3132 986 3211 urendoque
1004 3128 1108 3190 assidue
1128 3150 1192 3189 cor·
1226 3133 1228 3136 ’

227 3235 297 3297 pora
311 3213 409 3277 affecta
429 3213 558 3274 lacerant.
582 3211 633 3275 nist
654 3192 744 3283 ford,
761 3226 791 3271 ut
809 3209 1057 3294 OEdipothyestes,
1072 3211 1110 3269 ita
1126 3209 1192 3291 Cy·

229 3296 352 3369 niciatri,
368 3294 474 3377 Cynici
494 3295 526 3357 &
548 3294 666 3367 medici,
685 3312 757 3373 quos
774 3292 845 3353 inter
863 3292 889 3353 se
904 3294 1066 3373 componit:
1082 3309 1111 3351 ut
1125 3289 1189 3353 He·
1252 3338 1255 3346 .

230 3375 387 3453 rophilum,
407 3374 578 3437 medicorum
595 3374 762 3456 principem,
777 3392 842 3435 cum
851 3371 981 3460 Diogene
996 3372 1111 3455 Cynico
1123 3393 1192 3435 coa·

226 3454 343 3517 tendille
356 3476 391 3515 ex
407 3456 566 3537 fragmentis
582 3475 702 3538 apparet.

272 3536 330 3615 Qui
359 3536 554 3619 Tarentinum]
575 3536 733 3598 Heraclides
757 3535 944 3611 Tarentinus,
963 3534 1082 3597 celebris
1095 3533 1191 3594 auttor

207 3622 210 3629 “
232 3617 393 3679 medicinae:
412 3618 516 3691 ecujus
532 3617 605 3678 libris
622 3619 707 3679 multa
724 3620 753 3677 in
763 3616 841 3678 suum
863 3638 936 3697 opus
949 3614 1087 3678 Naturalis
1104 3613 1190 3675 tristo-

233 3699 282 3757 riae
296 3694 558 3761 Plinius‘transtulit.
575 3698 687 3761 Laertio
704 3697 802 3760 dicitur
814 3698 911 3782 impis
930 3694 1101 3777 ἐμπειρικός.
1117 3693 1191 3756 Eum
1235 3726 1245 3731 ·

232 3778 328 3840 Varro
348 3779 393 3839 hic
417 3776 524 3837 confert
548 3794 611 3839 cum
632 3779 777 3841 Heraclide
800 3778 935 3852 Pontico,
958 3775 1123 3859 philosopho
1138 3796 1190 3835 no-

232 3860 290 3924 bili.
307 3860 351 3922 Sic
363 3860 435 3920 enirn
450 3858 509 3919 acci
530 3859 558 3919 io
573 3860 688 3920 verbum
700 3860 894 3923 Contendere:
912 3856 961 3920 etii
971 3857 1088 3919 Nonius
1103 3854 1190 3918 aliter.

274 3941 334 4001 Hic
347 3938 481 4020 bipenfiles
491 3880 609 4020 deicipes
626 3941 705 4021 dte]
720 3941 791 4004 Haec
807 3956 987 4008 commueret
1005 3940 1074 4005 inter
1089 3935 1191 4003 medici

233 4018 755 4107 inlitumenta2ut&bucil.lib.19;
917 4053 918 4056 =
1199 4041 1202 4047 ¹
