3209 4967
408 498 412 503 ’
461 496 536 569 1N
585 496 884 569 irruunt
931 500 975 569 v.
1110 464 1195 594 ‘1'27

121 623 124 629 i
232 659 309 805 {lid
321 658 359 719 ita
370 658 401 718 iu
413 615 522 719 l)iebus
537 620 705 718 Garumna
725 655 876 719 Alexandri
888 654 1069 737 Neapolitani
1083 656 1197 740 legem·

228 809 230 814 y
280 762 309 801 m
330 757 422 801 tamen
445 737 532 812 Janrrs
548 737 682 812 Junonius
699 738 729 797 in
742 737 815 798 nulla
831 754 906 819 parte
928 737 1005 797 urbis
1019 738 1058 798 ita
1082 758 1200 801 vocare·

233 841 298 894 tur,
321 819 370 881 sed
394 837 499 881 tantum
524 821 557 879 io
575 817 778 881 Pontificalibus
803 818 1028 900 indigitamentis.
1054 817 1116 902 Ego
1136 820 1200 883 sano

236 902 303 963 nihil
320 902 462 965 mutarim:
480 900 545 981 quia
564 916 594 962 ut
614 899 649 962 de
667 902 781 961 veritate
801 899 920 960 ledlionis
936 900 1002 959 milri
1021 920 1078 961 non
1096 900 1200 983 liquet,¹

234 983 272 1043 fic
290 985 392 1079 etiami,
408 1000 501 1044 utrum
517 981 670 1062 depravata
682 980 732 1055 lit,
747 1001 855 1057 necne,
875 999 953 1063 aeque
968 980 1086 1043 dubitari
1105 980 1198 1062 pollir.

236 1064 392 1222 §cirilli
410 1145 454 1207 or
467 1144 514 1203 roa
529 1142 624 1225 aga]
644 1141 737 1226 rung
752 1140 851 1226 scartg.
871 1164 918 1205 aa
930 1123 1000 1227 aga.

264 1227 326 1287 lin.
342 1226 388 1289 28.
407 1226 611 1305 Apollinaribus
633 1224 719 1285 Iudeis
733 1225 810 1286 dorin
826 1226 986 1306 populum]
1008 1224 1094 1307 vulg.
1107 1225 1204 1287 'docuit
1323 1278 1326 1287 .

215 1343 218 1350 ι
236 1309 372 1389 populum.
384 1305 484 1385 Quam
499 1305 587 1367 multa
601 1307 667 1366 binc
684 1306 851 1379 exciderint,
867 1308 929 1367 licet
948 1307 1087 1383 conjicere
1107 1328 1141 1367 err
1158 1308 1202 1382 iis,

239 1408 302 1469 quae
320 1387 416 1451 Livius
431 1389 502 1449 libro
521 1408 559 1463 27
575 1386 696 1467 pluribus
716 1387 871 1467 persecutus
888 1386 926 1449 est
949 1388 984 1447 de
1000 1388 1205 1469 Apollinaribus

240 1470 321 1545 ludis,
336 1472 382 1549 qui
395 1467 498 1529 fiebant
509 1468 551 1529 Ill
564 1466 661 1529 Nonas
671 1467 834 1546 Quindliles.
846 1468 1001 1551 Eorumque
1009 1471 1089 1551 origo
1105 1490 1140 1529 err
1151 1466 1205 1532 Cn.

241 1549 338 1611 Martii
353 1551 426 1612 vatis
448 1550 615 1611 carminibus
635 1551 738 1631 petita,
758 1569 789 1609 ut
805 1549 879 1610 idem
900 1549 994 1610 audior
1012 1550 1083 1610 libro
1098 1571 1146 1632 25.
1161 1549 1203 1610 Ex

124 1656 128 1663 ·
243 1632 343 1711 quibus
358 1631 419 1692 satis
436 1646 564 1726 apparet,
581 1650 753 1712 quaecunqrre
770 1632 805 1693 de
826 1630 1030 1713 Apollinaribus
1043 1631 1137 1692 Varro
1153 1631 1205 1692 do·

241 1711 355 1786 millet,
374 1733 408 1775 ea
421 1713 485 1772 hmo
497 1709 653 1794 ‘deperiilln
670 1710 771 1793 Neque
790 1710 845 1785 ell,
861 1733 909 1771 cur
925 1710 1042 1793 sequaris
1058 1713 1210 1774 editionem

242 1793 417 1865 Romanam,
430 1795 459 1853 in
494 1814 530 1853 ua
547 1795 606 1855 baec
625 1793 712 1854 verba
725 1793 820 1853 mutila
836 1813 902 1853 cum
917 1793 1080 1874 praecedenti
1099 1791 1209 1853 historia

244 1896 369 1954 connexa
391 1874 459 1934 sunt.
474 1814 628 1955 {uodoni
644 1873 785 1949 iecerunt,
806 1893 862 1932 non
880 1875 1022 1949 viderunt,
1038 1874 1210 1948 Varronem,
1241 1944 1243 1953 ‚
1285 1938 1289 1948 ,

244 1958 292 2037 qui
311 1956 437 2020 amende
460 1955 591 2015 omnibus
614 1953 687 2015 lestis
707 1955 803 2015 diebus
823 1953 877 2015 sese
896 1956 1058 2019 traditurum
1077 1953 1210 2037 professus

120 2083 124 2092 .
245 2034 330 2109 oller,
349 2034 474 2103 nundine
495 2033 576 2098 stulto
594 2034 705 2097 conlilio
726 2036 965 2097 celeberrimorum
990 2036 1117 2097 ludorum
1134 2056 1222 2097 merr-¹

246 2119 353 2177 tionem
369 2117 595 2198 praetermittere,
615 2132 678 2190 aut,
699 2115 721 2178 fi
737 2137 834 2177 eorum
851 2117 1030 2193 meminillet‚
1048 2119 1108 2194 ejus
1126 2116 1212 2178 hillo·

247 2200 294 2256 riae
316 2196 453 2257 summam
474 2199 569 2277 paucis
589 2197 736 2279 compledli
758 2219 815 2259 non
831 2198 955 2281 potuille.
979 2198 1063 2259 Unde
1084 2200 1213 2279 perierint

248 2299 282 2336 ea
299 2277 420 2351 meede,
439 2298 500 2357 quae
517 2278 553 2338 ad
571 2278 698 2347 ludorum
712 2277 912 2359 Apollinarium
927 2282 1112 2363 cognitionem
1129 2272 1214 2341 facie·
1343 2307 1345 2311 ·

154 2395 159 2421 ι
249 2360 326 2419 bant.
340 2357 475 2421 Scitne.
494 2361 667 2441 Apollinares
681 2359 761 2420 ludos
772 2362 965 2422 celeberrimos
982 2362 1022 2423 lll
1034 2360 1111 2422 Non.
1121 2359 1213 2439 Quin·

250 2439 304 2501 dil.
324 2441 437 2501 curabat
457 2457 559 2521 praetor
574 2441 711 2514 urbanus,
729 2440 810 2501 &de
828 2445 933 2505 ratione
950 2442 1087 2503 sacrorum
1105 2442 1213 2522 publice

251 2519 339 2581 verba
356 2519 482 2583 iaciebat.
502 2518 549 2581 Sic
570 2523 643 2581 enim
658 2521 791 2601 scriptum
809 2543 868 2583 erat
886 2527 916 2585 in
934 2524 1100 2598 carminibus
1117 2520 1215 2583 Marcii

253 2603 342 2674 vatis,
362 2622 397 2662 ex
415 2602 514 2683 quibus
529 2601 612 2684 otigo
631 2604 731 2663 borum
746 2602 893 2665 ludorum:

294 2692 421 2774 Apollini
441 2695 529 2774 censeo
547 2696 683 2755 vovendos
700 2696 796 2769 ludos,

297 2776 352 2852 Qui
372 2775 517 2854 quotannis
535 2776 701 2836 communiter
719 2772 845 2857 Apollini
860 2778 944 2857 fiant.

295 2855 353 2914 His
372 2857 448 2915 'ludis
460 2856 602 2934 faciundis
641 2859 704 2935 raefir
724 2857 750 2917 is
764 2876 875 2936 prator,

299 2936 357 3015 Qui
374 2935 437 3012 jour
455 2937 554 3018 populo
570 2879 703 3018 pleleique
723 2939 799 2997 dabit
814 2940 949 3020 firmmurrt.

257 3027 321 3114 Hac
334 3051 363 3089 re
376 3028 468 3091 Varro
487 3029 565 3091 suum
587 3050 705 3114 etymon
722 3031 926 3112 Apollinarium
946 3035 1069 3111 dierum,
1086 3032 1161 3117 quod
1179 3039 1220 3093 ta'-

257 3128 322 3172 men
338 3111 382 3170 hic
402 3112 587 3186 desideratur,
607 3112 786 3175 confirmavit
803 3114 957 3179 testimonio
974 3118 1108 3177 orationis
1130 3115 1221 3176 nescio

257 3187 642 3337 lcitpjppssulpabptoaepipppraemra
656 3194 761 3257 urbana
775 3195 811 3257 ad
821 3198 970 3280 populum,
983 3197 1048 3282 ipfis
1062 3198 1132 3260 ludis
1138 3196 1225 3281 Apol·
1346 3268 1348 3273 y

644 3426 769 3527 Pagina
794 3450 849 3527 57.

302 3568 350 3632 lin.
366 3590 395 3642 4.
414 3571 526 3632 Vinalia
545 3571 684 3652 Rustica]
708 3569 820 3630 Vinalia
837 3569 930 3650 milico
940 3568 1095 3631 incidebant
1113 3568 1226 3630 indlem

211 3682 214 3689 ·
264 3650 352 3715 XXll
368 3651 431 3714 Kal.
449 3654 525 3730 Sept.
549 3651 591 3712 Ut
609 3668 702 3712 autem
717 3649 812 3714 Caesar
831 3648 916 3711 'fallor
933 3652 1071 3724 correxit,
1089 3652 1120 3712 dt
1138 3649 1227 3711 meost

264 3731 356 3800 Sextili
364 3732 435 3793 duos
447 3733 549 3797 addidit
558 3732 625 3807 dies,
632 3734 678 3813 agi
693 3734 785 3813 coepta'
798 3731 857 3793 sunt
866 3731 940 3793 xlv
949 3732 1010 3793 Kal.
1024 3731 1101 3809 Sept.
1111 3729 1226 3791 Festus:

265 3812 373 3892 Rustica
397 3813 503 3871 vinalia
526 3814 687 3891 appellavere
703 3814 785 3893 minse
806 3814 925 3895 Augusto
950 3814 1137 3893 quartodecimo
1157 3812 1228 3873 Kar

265 3899 338 3972 Sept·
351 3893 431 3955 louis
448 3894 505 3953 dies
513 3892 603 3975 festus.
623 3896 670 3955 An
691 3914 720 3954 er
739 3915 758 3954 o
778 3895 822 3955 M.
839 3894 954 3965 Varro,
972 3914 1035 3954 cum
1053 3894 1104 3953 hos
1123 3892 1158 3953 de
1170 3892 1228 3952 lin-

266 3994 322 4057 gua
339 3976 438 4040 Latina
454 3974 537 4040 libros
552 3973 699 4052 scriberet,
717 3914 826 4042 {usare
841 3974 898 4056 jam
918 3972 1231 4051 didlatore‚'tameo.de·
1305 4061 1306 4067 ἵ
