3209 4967
427 462 842 575 rurrnauu
892 446 964 576 vr.¹
1105 469 1178 607 2093¹
1280 611 1330 622 ..

198 662 301 748 gitur,
320 663 553 744 lanom‘carpere,
570 661 614 724 M.
633 662 726 723 Varro
743 661 799 722 stne
820 661 1007 724 controversia
1026 663 1050 724 le
1072 666 1107 738 it,
1125 693 1176 728 ca·
1190 733 1193 740 ‚
1324 665 1328 680 “

208 769 277 819 rere,
293 744 369 826 quod
386 743 425 805 est
443 760 628 826 purgamur
648 746 847 824 interpretatur.
867 765 924 826 quo
940 684 1079 806 vocabulo
1096 748 1177 816 usum

210 829 292 888 etiam
310 827 377 886 dicit
390 824 522 886 Naevium
533 828 563 885 in
576 823 770 886 Commorria:
787 825 834 884 sed
850 825 881 886 δι
898 825 969 885 ultro
984 825 1039 908 ipse
1055 825 1093 888 ita
1106 849 1174 890 mo:

208 907 327 987 usurpat.
342 907 496 969 TURNEB.
512 909 610 979 carere,
625 923 707 985 uetus
715 906 835 967 verbum
851 928 901 1046 pro
913 905 1026 986 ξαίνειν.
1040 907 1125 970 Unde
1140 911 1173 970 δι

207 988 350 1061 carduus,
366 989 397 1050 &
409 990 566 1048 carminare.
582 987 681 1066 Quare
690 1007 834 1068 perperam
872 987 937 1048 odie
948 989 975 1047 in
989 987 1172 1050 Menaecbmie

206 1069 310 1151 legitur.
320 1090 431 1148 carpere,
446 1090 510 1128 cum
526 1069 557 1130 δι
573 1066 687 1134 Nonius
704 1080 814 1149 quoque
832 1090 916 1128 carere
931 1070 1051 1130 retineat.
1068 1069 1173 1133 Carere

203 1171 278 1292 gero
301 1149 358 1211 fine
384 1151 470 1210 dubio
488 1152 573 1232 ampla
595 1151 629 1210 ab
657 1149 772 1232 κείρειν,
796 1147 910 1232 irrepat:
932 1170 989 1212 non
1015 1167 1046 1210 ut
1067 1152 1175 1218 Varro.

224 1245 340 1294 cALIG.
478 1264 489 1281 κ
972 1267 975 1270 ·

244 1313 306 1373 ead.
325 1312 500 1391 Cosmotn‘o.]
512 1310 604 1395 Marg.
619 1309 721 1395 Scalig.
737 1309 892 1372 AEmatlria.

228 1394 290 1454 lin.
309 1413 339 1471 7.
366 1396 429 1454 Cum
453 1414 593 1467 caretro,
615 1399 686 1475 quod
708 1397 737 1454 ι’νι
761 1416 792 1461 ea
811 1397 849 1473 esl
871 1413 989 1474 nequam.
1015 1393 1063 1476 Est
1083 1395 1169 1472 lana,

198 1496 283 1555 quam
305 1476 335 1533 in
358 1475 471 1534 Romulo
490 1476 604 1534 Novius
624 1476 743 1557 appellat
768 1476 886 1552 Oltam,
907 1477 941 1534 ab
965 1475 1089 1556 Osceis.]
1110 1475 1168 1538 Pro
1304 1524 1306 1527 -

201 1557 235 1635 est
249 1577 379 1636 aequata,
395 1555 523 1636 quidam,
538 1558 622 1618 haret.
637 1557 697 1631 alii,
715 1558 757 1636 esl.
775 1556 897 1635 Nequam
914 1557 947 1636 ‘fl
962 1557 1036 1616 lana.
1050 1557 1169 1621 AUGU-

203 1652 299 1699 STIN.
315 1639 407 1698 Vetus
418 1636 518 1696 teatio.-
535 1639 597 1697 cum
612 1658 647 1696 ex
660 1660 692 1697 ea
701 1655 801 1709 carent,
818 1637 971 1716 quodiana
984 1638 1075 1710 haret,
1088 1660 1168 1718 nequa

200 1719 235 1798 est
250 1718 329 1777 lona.
345 1739 402 1796 quo
419 1718 447 1798 ιἰν
465 1719 578 1780 Romulo
593 1720 708 1778 Novius
722 1717 843 1798 appellat
858 1717 937 1795 osca,
949 1718 982 1776 ab
998 1719 1084 1798 Oscis.
1100 1720 1169 1780 Pur.

220 1815 332 1860 amenta
346 1797 481 1859 &sordes
494 1799 569 1858 lanae
580 1820 631 1879 per
641 1799 837 1860 contumeliam
847 1798 1017 1878 &injuriam
1030 1798 1168 1862 summam

232 1879 362 1953 scotum,
376 1881 423 1960 qui
439 1879 566 1940 obscoeni
584 1879 769 1952 habebantur,
784 1880 843 1957 osta
862 1877 980 1942 Navius
996 1879 1166 1958 appellavit,

197 1976 230 2020 ut
245 1962 342 2021 Varro
358 1961 559 2040 interpretatur.
574 1959 643 2019 Loci
658 1960 740 2036 hujus
751 1959 909 2040 scripturam
921 1960 1084 2039 interpolant
1097 1963 1169 2028 mul,-

146 2078 150 2092 .
198 2041 232 2115 ti,
247 2042 346 2122 aliique
356 2041 432 2099 aliter
443 2040 590 2123 evulgant:
603 2039 642 2101 est
658 2045 704 2123 qui
719 2040 819 2107 scribat
829 2085 839 2114 ,
849 2040 954 2120 quadiu
963 2064 994 2100 ea
1003 2041 1167 2120 estnequam,

196 2124 320 2205 estlana.
335 2119 374 2182 est
389 2121 439 2201 qul
454 2120 541 2192 secus,
556 2144 641 2202 nequa
653 2124 687 2202 est
699 2121 872 2201 lanaquam.
890 2122 948 2181 baec
964 2125 1166 2203 excogitata&

197 2202 394 2264 commentitia
406 2201 494 2276 leutio,
507 2200 528 2262 st
542 2205 586 2262 cui
596 2203 736 2282 probetur,
750 2200 913 2284 significabit
925 2223 1013 2282 nequa
1021 2205 1080 2263 lana
1092 2205 1168 2284 spur.

179 2339 183 2346 .
195 2305 262 2344 cam
271 2287 305 2346 δι
314 2286 460 2364 impuram,
471 2304 533 2364 quae
544 2305 601 2344 non
613 2283 644 2344 stt
654 2287 753 2366 aliqua,
764 2285 791 2343 id
805 2282 855 2356 est,
866 2283 980 2358 alicujus
992 2287 1076 2364 pretii
1087 2285 1164 2348 Nam

165 2364 336 2446 t“Sosipater
350 2388 434 2444 nequa
454 2365 509 2424 dici
524 2387 577 2447 pro
588 2384 699 2446 nequam
715 2367 807 2427 docet.
824 2363 979 2428 TllRNEB.
997 2367 1068 2445 Osca
1081 2365 1164 2446 lana,

195 2447 298 2509 eadem
316 2446 348 2506 &
361 2446 438 2506 solox
451 2447 532 2519 lana,
554 2446 685 2519 aloinus,
706 2448 755 2506 καὶ
770 2445 911 2508 aloncion.
929 2447 1060 2509 Lucilius:

237 2527 350 2609 pascali
367 2550 472 2606 pecore,
492 2549 524 2586 ac
543 2548 691 2599 montano,
703 2529 791 2601 hino,
811 2546 887 2606 atque
903 2528 998 2608 soloce.

192 2608 308 2673 Pascale
326 2629 411 2688 pecus
426 2611 459 2667 ab
476 2605 600 2677 εἰκαῖον,
623 2609 674 2669 καί
692 2606 866 2684 νιμαίικδν,
886 2623 916 2666 ut
938 2605 1056 2688 pascales
1080 2609 1163 2689 gallia

190 2711 246 2753 nae.
266 2691 325 2750 Alii
345 2689 435 2769 legunt
443 2689 573 2769 postolos,
588 2690 617 2748 id
634 2689 673 2748 est
683 2688 814 2750 εἰκαίους.
832 2685 929 2768 passam
943 2691 976 2748 ob
991 2686 1061 2768 είκῇ.
1074 2687 1162 2758 Mon-

191 2789 306 2843 tanum,
326 2769 354 2828 id
368 2768 536 2841 est,sentum
553 2769 584 2828 &
598 2768 765 2849 squalidum,
777 2770 866 2848 qualia
882 2771 911 2828 in
925 2770 1062 2828 montibus
1078 2792 1163 2850 peco·
1281 2841 1286 2852 ¹

189 2875 232 2916 ra.
246 2853 278 2912 A
290 2872 347 2932 quo
364 2851 460 2928 iprrobr
480 2847 595 2928 ἱμάτιον
612 2872 646 2910 ex
668 2851 729 2910 lana
751 2849 887 2930 squalida,
907 2850 938 2911 δι
953 2869 1011 2908 non
1028 2855 1161 2933 carmina-

189 2954 230 2995 ta.
247 2930 362 2993 Pollux:
373 2934 408 2989 To
423 2928 642 3008 deliramento
659 2930 774 3007 ἱμάτιον
788 2929 814 2990 oi
823 2930 907 3010 μέσοι
925 2929 1050 3010 κωμικοί,
1064 2929 1162 3014 lionae

149 3035 152 3038 ·
191 3016 219 3078 ἓν
242 3016 301 3097 ’ὄρει
325 3011 533 3092 εἰργασμένον,
554 3008 613 3073 ίίτιι
638 3007 689 3073 οὖν
714 3011 909 3092 &plasmarem
927 3009 1064 3074 maalon
1094 3015 1163 3074 Hir·

188 3095 367 3158 ramiridem
387 3113 469 3163 vocat
485 3093 645 3173 squalidum.
668 3091 840 3154 Columella:
859 3091 1013 3168 Diffimr'lem
1033 3095 1172 3168 rationem¹

183 3176 308 3260 postulat
325 3177 437 3246 linum,
456 3193 531 3253 atque
551 3174 725 3233 Tarentinum.
744 3155 798 3253 ¹Vir
817 3173 934 3234 eruditus
947 3173 1097 3234 Beroaldus
1111 3197 1161 3255 pu.

188 3277 252 3331 tar,
270 3258 349 3317 idem
372 3254 425 3316 elle
450 3254 632 3316 Tarentinum
657 3257 690 3316 &
709 3256 825 3328 hirtum,
849 3258 953 3334 magnb
973 3254 1037 3314 sane
1056 3275 1160 3320 errore.
1187 3313 1189 3318 .

188 3339 270 3421 Quis
283 3337 379 3407 nescit,
395 3338 432 3396 ita
443 3337 518 3417 loqui
535 3335 665 3396 Latinos?
683 3334 849 3396 Diffimilem
870 3343 1003 3396 naturam.
1011 3356 1094 3414 pecus
1111 3340 1159 3398 ha·
1265 3330 1268 3339 ’

90 3431 97 3442 “
187 3422 240 3483 bet
261 3437 348 3499 atque
368 3418 463 3478 bomo.
482 3419 609 3478 Plautus:
626 3418 672 3476 Illi
686 3416 752 3495 sunt
767 3417 824 3475 alio
839 3417 1039 3496 ingenio-'atque
1051 3436 1086 3481 to.
1105 3418 1159 3479 Er.

187 3523 228 3586 go
249 3519 339 3582 pecus
357 3519 540 3572 numanum,
557 3499 681 3579 pascale,
696 3499 814 3569 hirtum,
833 3493 914 3576 atque
934 3496 1018 3592 solox·
1036 3503 1160 3590 opponir

185 3603 233 3646 tur
244 3578 403 3660 μαλακαῖς·
412 3579 581 3660 προβάτοις,
594 3580 682 3660 qualia
697 3597 774 3638 erant
788 3581 815 3637 in
827 3598 894 3659 agro
906 3570 1069 3653 Tare'ntrno,
1084 3601 1157 3660 quae,

185 3686 217 3727 ut
236 3661 379 3724 mollioris
400 3659 510 3720 velleris
528 3660 630 3734 ellenr,
651 3660 765 3738 pellibus
785 3661 955 3741 tegebantur.
979 3661 1026 3720 Ab
1041 3682 1075 3720 eo
1090 3663 1158 3721 dixit

186 3744 329 3820 Horatips
335 3741 445 3820 pellitos
453 3763 516 3803 oves
528 3741 625 3819 Golefi.
636 3739 772 3820 Polybius
786 3742 816 3800 in
826 3743 960 3820 eacerptis
968 3737 1018 3801 lib.
1031 3762 1066 3822 9:
1077 3734 1156 3820 ἔχων

126 3831 131 3841 '
186 3827 334 3911 πρόβατα
348 3825 477 3900 μαλακὰ
488 3821 545 3882 τῶν
562 3821 725 3898 erasmum
746 3823 811 3903 περὶ
831 3821 882 3883 τὴν
897 3821 981 3882 πόλιν
992 3821 1155 3900 τρέφεσὲιαι.
1266 3840 1268 3843 ·
1284 3893 1287 3900 Ι

185 3906 328 3990 Interpres
348 3905 440 3983 inepte
460 3905 545 3963 vertit
567 3901 678 3962 debiles.
695 3901 817 3963 lElianus
838 3905 867 3960 in
885 3897 1026 3984 Epistolls:
1044 3901 1096 3962 Τίιν
1113 3901 1157 3964 ’dio

107 3985 120 4004 ’
185 3989 238 4068 τῂν
249 3992 293 4052 τα
305 3986 440 4064 panonia
454 3981 513 4063 ’ἔνια
526 3981 558 4047 ὃν
570 3982 677 4044 haltai
687 3987 758 4066 πρὸς
771 3983 816 4061 σὲ,
832 3985 901 4063 παρ’
917 3979 987 4061 ἐμοῦ
1001 3976 1155 4064 πρόσεισιν.

286 4074 341 4146 Μ.
364 4072 403 4142 T.
426 4075 540 4169 Varro.
559 4073 633 4145 Vol.
649 4070 696 4142 11.
