<?xml version="1.0" encoding="UTF-8"?>
<!DOCTYPE html PUBLIC "-//W3C//DTD XHTML 1.0 Transitional//EN"
    "http://www.w3.org/TR/xhtml1/DTD/xhtml1-transitional.dtd">
<html xmlns="http://www.w3.org/1999/xhtml" xml:lang="en" lang="en">
 <head>
  <title>
</title>
<meta http-equiv="Content-Type" content="text/html;charset=utf-8" />
  <meta name='ocr-system' content='tesseract 3.04.00' />
  <meta name='ocr-capabilities' content='ocr_page ocr_carea ocr_par ocr_line ocrx_word'/>
</head>
<body>
  <div class='ocr_page' id='page_1' title='image "./mtervarronisdel00turngoog_0207.png"; bbox 0 0 3209 4967; ppageno 0'>
   <div class='ocr_carea' id='block_1_1' title="bbox 409 450 1150 571">
    <p class='ocr_par' dir='ltr' id='par_1_1' title="bbox 409 450 1150 571">
     <span class='ocr_line' id='line_1_1' title="bbox 409 450 1150 571; baseline -0.003 0"><span class='ocrx_word' id='word_1_1' title='bbox 409 500 480 571; x_wconf 87' lang='lat'>206</span> <span class='ocrx_word' id='word_1_2' title='bbox 744 450 1150 569; x_wconf 60' lang='lat' dir='ltr'>nor-AE&#39;</span> 
     </span>
    </p>
   </div>
   <div class='ocr_carea' id='block_1_2' title="bbox 311 654 1381 1798">
    <p class='ocr_par' dir='ltr' id='par_1_2' title="bbox 407 654 1381 1227">
     <span class='ocr_line' id='line_1_2' title="bbox 407 654 1377 740; baseline -0.003 -19"><span class='ocrx_word' id='word_1_3' title='bbox 407 661 442 721; x_wconf 81' lang='lat' dir='ltr'>lis</span> <span class='ocrx_word' id='word_1_4' title='bbox 453 655 542 719; x_wconf 78' lang='lat' dir='ltr'>deesse</span> <span class='ocrx_word' id='word_1_5' title='bbox 555 656 693 738; x_wconf 80' lang='lat' dir='ltr'>quadam.</span> <span class='ocrx_word' id='word_1_6' title='bbox 710 654 768 716; x_wconf 84' lang='lat' dir='ltr'>Sed</span> <span class='ocrx_word' id='word_1_7' title='bbox 782 675 832 717; x_wconf 85' lang='lat' dir='ltr'>eos</span> <span class='ocrx_word' id='word_1_8' title='bbox 849 654 956 737; x_wconf 82' lang='lat' dir='ltr'>decepit</span> <span class='ocrx_word' id='word_1_9' title='bbox 999 656 1152 716; x_wconf 84' lang='lat' dir='ltr'>erturbatus</span> <span class='ocrx_word' id='word_1_10' title='bbox 1174 654 1221 716; x_wconf 84' lang='lat' dir='ltr'>sen</span> <span class='ocrx_word' id='word_1_11' title='bbox 1234 676 1281 718; x_wconf 79' lang='lat' dir='ltr'>ns:</span> <span class='ocrx_word' id='word_1_12' title='bbox 1293 676 1377 740; x_wconf 84' lang='lat' dir='ltr'>quem</span> 
     </span>
     <span class='ocr_line' id='line_1_3' title="bbox 409 675 1377 823; baseline -0.001 -21"><span class='ocrx_word' id='word_1_13' title='bbox 409 741 589 823; x_wconf 84' lang='lat' dir='ltr'>staperuero,</span> <span class='ocrx_word' id='word_1_14' title='bbox 600 736 743 799; x_wconf 87' lang='lat' dir='ltr'>ostendam</span> <span class='ocrx_word' id='word_1_15' title='bbox 752 781 763 811; x_wconf 91' lang='lat'>,</span> <span class='ocrx_word' id='word_1_16' title='bbox 772 738 817 797; x_wconf 81' lang='lat' dir='ltr'>hic</span> <span class='ocrx_word' id='word_1_17' title='bbox 833 737 896 798; x_wconf 89' lang='lat' dir='ltr'>nihil</span> <span class='ocrx_word' id='word_1_18' title='bbox 911 675 1009 798; x_wconf 50' lang='lat' dir='ltr'>decli.</span> <span class='ocrx_word' id='word_1_19' title='bbox 1026 737 1101 800; x_wconf 91' lang='lat' dir='ltr'>Cum</span> <span class='ocrx_word' id='word_1_20' title='bbox 1118 739 1154 798; x_wconf 84' lang='lat' dir='ltr'>ita</span> <span class='ocrx_word' id='word_1_21' title='bbox 1168 737 1312 820; x_wconf 87' lang='lat' dir='ltr'>legendum</span> <span class='ocrx_word' id='word_1_22' title='bbox 1325 738 1377 802; x_wconf 82' lang='lat' dir='ltr'>sit:</span> 
     </span>
     <span class='ocr_line' id='line_1_4' title="bbox 410 819 1381 905; baseline -0.001 -25"><span class='ocrx_word' id='word_1_23' title='bbox 410 824 526 901; x_wconf 73' lang='lat' dir='ltr'>Quaque</span> <span class='ocrx_word' id='word_1_24' title='bbox 538 823 610 902; x_wconf 68' lang='lat' dir='ltr'>[reto</span> <span class='ocrx_word' id='word_1_25' title='bbox 627 842 695 883; x_wconf 80' lang='grc' dir='ltr'><em>αανα</em></span> <span class='ocrx_word' id='word_1_26' title='bbox 713 820 817 881; x_wconf 80' lang='lat' dir='ltr'>coeruseo</span> <span class='ocrx_word' id='word_1_27' title='bbox 831 819 932 881; x_wconf 81' lang='lat' dir='ltr'>cortina</span> <span class='ocrx_word' id='word_1_28' title='bbox 951 838 1071 897; x_wconf 82' lang='lat' dir='ltr'>receptat.</span> <span class='ocrx_word' id='word_1_29' title='bbox 1086 821 1192 881; x_wconf 82' lang='lat' dir='ltr'>Cortirra</span> <span class='ocrx_word' id='word_1_30' title='bbox 1209 824 1292 895; x_wconf 75' lang='lat' dir='ltr'>dina,</span> <span class='ocrx_word' id='word_1_31' title='bbox 1310 825 1381 905; x_wconf 84' lang='lat' dir='ltr'>quod</span> 
     </span>
     <span class='ocr_line' id='line_1_5' title="bbox 411 898 1380 984; baseline -0.002 -21"><span class='ocrx_word' id='word_1_32' title='bbox 411 912 461 963; x_wconf 67' lang='grc' dir='ltr'>θα.</span> <span class='ocrx_word' id='word_1_33' title='bbox 492 902 619 984; x_wconf 89' lang='lat' dir='ltr'>lntelligit</span> <span class='ocrx_word' id='word_1_34' title='bbox 640 921 707 983; x_wconf 88' lang='lat' dir='ltr'>ergo</span> <span class='ocrx_word' id='word_1_35' title='bbox 731 900 852 975; x_wconf 84' lang='lat' dir='ltr'>Ennius,</span> <span class='ocrx_word' id='word_1_36' title='bbox 875 920 1045 983; x_wconf 81' lang='lat' dir='ltr'>quaecunque</span> <span class='ocrx_word' id='word_1_37' title='bbox 1072 903 1247 962; x_wconf 87' lang='lat' dir='ltr'>continentur</span> <span class='ocrx_word' id='word_1_38' title='bbox 1265 898 1320 962; x_wconf 72' lang='lat' dir='ltr'>tini</span> <span class='ocrx_word' id='word_1_39' title='bbox 1340 899 1380 980; x_wconf 68' lang='lat' dir='ltr'>rii</span> 
     </span>
     <span class='ocr_line' id='line_1_6' title="bbox 412 978 1380 1064; baseline 0.001 -20"><span class='ocrx_word' id='word_1_40' title='bbox 412 978 528 1064; x_wconf 69' lang='lat' dir='ltr'>adparari</span> <span class='ocrx_word' id='word_1_41' title='bbox 546 982 659 1061; x_wconf 73' lang='grc' dir='ltr'><strong><em>σκέπῃ,</em></strong></span> <span class='ocrx_word' id='word_1_42' title='bbox 675 1000 705 1042; x_wconf 91' lang='lat' dir='ltr'>ut</span> <span class='ocrx_word' id='word_1_43' title='bbox 721 981 869 1063; x_wconf 88' lang='lat' dir='ltr'>loquuntur</span> <span class='ocrx_word' id='word_1_44' title='bbox 889 998 986 1063; x_wconf 84' lang='lat' dir='ltr'>poetae.</span> <span class='ocrx_word' id='word_1_45' title='bbox 1003 984 1116 1044; x_wconf 84' lang='lat' dir='ltr'>Vereor</span> <span class='ocrx_word' id='word_1_46' title='bbox 1131 1000 1241 1059; x_wconf 88' lang='lat' dir='ltr'>autem,</span> <span class='ocrx_word' id='word_1_47' title='bbox 1262 1004 1297 1044; x_wconf 87' lang='lat' dir='ltr'>ne</span> <span class='ocrx_word' id='word_1_48' title='bbox 1313 1005 1380 1045; x_wconf 89' lang='lat' dir='ltr'>cum</span> 
     </span>
     <span class='ocr_line' id='line_1_7' title="bbox 409 1063 1124 1146; baseline 0.003 -21"><span class='ocrx_word' id='word_1_49' title='bbox 409 1065 488 1139; x_wconf 81' lang='lat' dir='ltr'>aliis,</span> <span class='ocrx_word' id='word_1_50' title='bbox 504 1085 574 1145; x_wconf 90' lang='lat' dir='ltr'>quos</span> <span class='ocrx_word' id='word_1_51' title='bbox 589 1064 670 1146; x_wconf 86' lang='lat' dir='ltr'>supra</span> <span class='ocrx_word' id='word_1_52' title='bbox 686 1063 838 1144; x_wconf 83' lang='lat' dir='ltr'>posuimus,</span> <span class='ocrx_word' id='word_1_53' title='bbox 852 1064 1040 1146; x_wconf 85' lang='lat' dir='ltr'>conjungendi</span> <span class='ocrx_word' id='word_1_54' title='bbox 1054 1063 1124 1127; x_wconf 80' lang='lat' dir='ltr'>sint:</span> 
     </span>
     <span class='ocr_line' id='line_1_8' title="bbox 412 1147 1142 1227; baseline -0.001 -19"><span class='ocrx_word' id='word_1_55' title='bbox 412 1160 417 1167; x_wconf 90' lang='grc'><strong><em>’</em></strong></span> <span class='ocrx_word' id='word_1_56' title='bbox 456 1150 567 1225; x_wconf 80' lang='lat' dir='ltr'><strong><em>Corpore</em></strong></span> <span class='ocrx_word' id='word_1_57' title='bbox 589 1147 731 1207; x_wconf 81' lang='lat' dir='ltr'>Tartarirro</span> <span class='ocrx_word' id='word_1_58' title='bbox 745 1164 879 1226; x_wconf 83' lang='lat' dir='ltr'>prognata</span> <span class='ocrx_word' id='word_1_59' title='bbox 900 1147 1009 1206; x_wconf 86' lang='lat' dir='ltr'>Paluda</span> <span class='ocrx_word' id='word_1_60' title='bbox 1030 1148 1142 1227; x_wconf 77' lang='lat' dir='ltr'>virago,</span> 
     </span>
    </p>

    <p class='ocr_par' dir='ltr' id='par_1_3' title="bbox 453 1224 1229 1315">
     <span class='ocr_line' id='line_1_9' title="bbox 453 1224 1229 1315; baseline -0.003 -26"><span class='ocrx_word' id='word_1_61' title='bbox 453 1229 504 1289; x_wconf 79' lang='lat' dir='ltr'>car</span> <span class='ocrx_word' id='word_1_62' title='bbox 520 1249 573 1309; x_wconf 87' lang='lat' dir='ltr'>par</span> <span class='ocrx_word' id='word_1_63' title='bbox 590 1230 685 1303; x_wconf 83' lang='lat' dir='ltr'>imber,</span> <span class='ocrx_word' id='word_1_64' title='bbox 705 1226 734 1284; x_wconf 65' lang='lat' dir='ltr'>fr</span> <span class='ocrx_word' id='word_1_65' title='bbox 751 1228 841 1315; x_wconf 66' lang='lat' dir='ltr'>imbgis</span> <span class='ocrx_word' id='word_1_66' title='bbox 855 1228 987 1309; x_wconf 80' lang='lat' dir='ltr'>spiritus,</span> <span class='ocrx_word' id='word_1_67' title='bbox 1008 1224 1141 1308; x_wconf 74' lang='lat' dir='ltr'>&amp;gravi&#39;</span> <span class='ocrx_word' id='word_1_68' title='bbox 1161 1247 1229 1289; x_wconf 77' lang='lat' dir='ltr'>terra</span> 
     </span>
    </p>

    <p class='ocr_par' dir='ltr' id='par_1_4' title="bbox 311 1308 1381 1473">
     <span class='ocr_line' id='line_1_10' title="bbox 451 1308 1122 1391; baseline 0 -22"><span class='ocrx_word' id='word_1_69' title='bbox 451 1311 565 1391; x_wconf 70' lang='lat' dir='ltr'>Quaque</span> <span class='ocrx_word' id='word_1_70' title='bbox 580 1308 651 1389; x_wconf 85' lang='lat' dir='ltr'>srero</span> <span class='ocrx_word' id='word_1_71' title='bbox 669 1331 737 1369; x_wconf 82' lang='lat' dir='ltr'>caua</span> <span class='ocrx_word' id='word_1_72' title='bbox 756 1309 862 1367; x_wconf 74' lang='lat' dir='ltr'>cacruleo</span> <span class='ocrx_word' id='word_1_73' title='bbox 881 1311 983 1369; x_wconf 81' lang='lat' dir='ltr'>cortina</span> <span class='ocrx_word' id='word_1_74' title='bbox 1003 1328 1122 1389; x_wconf 83' lang='lat' dir='ltr'>receptat.</span> 
     </span>
     <span class='ocr_line' id='line_1_11' title="bbox 311 1386 1381 1473; baseline 0 -22"><span class='ocrx_word' id='word_1_75' title='bbox 311 1405 313 1410; x_wconf 88' lang='lat'>&#39;</span> <span class='ocrx_word' id='word_1_76' title='bbox 414 1393 491 1451; x_wconf 71' lang='lat' dir='ltr'>freto</span> <span class='ocrx_word' id='word_1_77' title='bbox 506 1392 620 1450; x_wconf 81' lang='lat' dir='ltr'>caeruleo.</span> <span class='ocrx_word' id='word_1_78' title='bbox 640 1389 682 1451; x_wconf 90' lang='lat' dir='ltr'>lta</span> <span class='ocrx_word' id='word_1_79' title='bbox 704 1412 744 1449; x_wconf 75' lang='lat' dir='ltr'>are</span> <span class='ocrx_word' id='word_1_80' title='bbox 760 1386 934 1471; x_wconf 71' lang='lat' dir='ltr'>rppuurrrtc&#39;ir</span> <span class='ocrx_word' id='word_1_81' title='bbox 951 1406 1038 1451; x_wconf 83' lang='lat' dir='ltr'>vocat</span> <span class='ocrx_word' id='word_1_82' title='bbox 1052 1390 1150 1451; x_wconf 82' lang='lat' dir='ltr'>caelum</span> <span class='ocrx_word' id='word_1_83' title='bbox 1168 1403 1282 1471; x_wconf 89' lang='lat' dir='ltr'>propter</span> <span class='ocrx_word' id='word_1_84' title='bbox 1297 1389 1381 1473; x_wconf 78' lang='lat' dir='ltr'>agita·</span> 
     </span>
    </p>

    <p class='ocr_par' dir='ltr' id='par_1_5' title="bbox 413 1414 883 1552">
     <span class='ocr_line' id='line_1_12' title="bbox 413 1414 883 1552; baseline 0 -19"><span class='ocrx_word' id='word_1_85' title='bbox 413 1474 527 1533; x_wconf 89' lang='lat' dir='ltr'>tionem.</span> <span class='ocrx_word' id='word_1_86' title='bbox 548 1472 626 1532; x_wconf 90' lang='lat' dir='ltr'>ldem</span> <span class='ocrx_word' id='word_1_87' title='bbox 644 1471 718 1552; x_wconf 85' lang='lat' dir='ltr'>apud</span> <span class='ocrx_word' id='word_1_88' title='bbox 739 1414 883 1533; x_wconf 75' lang='lat' dir='ltr'>llonium:</span> 
     </span>
    </p>

    <p class='ocr_par' dir='ltr' id='par_1_6' title="bbox 412 1552 1381 1695">
     <span class='ocr_line' id='line_1_13' title="bbox 457 1552 1381 1635; baseline 0.002 -22"><span class='ocrx_word' id='word_1_89' title='bbox 457 1552 548 1632; x_wconf 78' lang='lat' dir='ltr'>Craffia</span> <span class='ocrx_word' id='word_1_90' title='bbox 562 1554 654 1633; x_wconf 78' lang='lat' dir='ltr'>posuis</span> <span class='ocrx_word' id='word_1_91' title='bbox 671 1555 770 1627; x_wconf 84' lang='lat' dir='ltr'>oritur,</span> <span class='ocrx_word' id='word_1_92' title='bbox 786 1573 885 1612; x_wconf 85' lang='lat' dir='ltr'>omnem</span> <span class='ocrx_word' id='word_1_93' title='bbox 895 1552 1035 1635; x_wconf 75' lang='lat' dir='ltr'>pervulgat</span> <span class='ocrx_word' id='word_1_94' title='bbox 1053 1554 1109 1614; x_wconf 75' lang='lat' dir='ltr'>culi</span> <span class='ocrx_word' id='word_1_95' title='bbox 1118 1552 1227 1635; x_wconf 81' lang='lat' dir='ltr'>fretum.</span> <span class='ocrx_word' id='word_1_96' title='bbox 1246 1552 1381 1617; x_wconf 70' lang='lat' dir='ltr'>Sermo.</span> 
     </span>
     <span class='ocr_line' id='line_1_14' title="bbox 412 1633 851 1695; baseline 0.002 -1"><span class='ocrx_word' id='word_1_97' title='bbox 412 1633 612 1695; x_wconf 85' lang='lat' dir='ltr'>Scribendum:</span> <span class='ocrx_word' id='word_1_98' title='bbox 848 1651 851 1658; x_wconf 86' lang='lat'>·</span> 
     </span>
    </p>

    <p class='ocr_par' dir='ltr' id='par_1_7' title="bbox 455 1714 1155 1798">
     <span class='ocr_line' id='line_1_15' title="bbox 455 1714 1155 1798; baseline 0.004 -25"><span class='ocrx_word' id='word_1_99' title='bbox 455 1718 567 1798; x_wconf 73' lang='lat' dir='ltr'>Quaeque</span> <span class='ocrx_word' id='word_1_100' title='bbox 587 1715 692 1776; x_wconf 72' lang='lat' dir='ltr'>cacruleo</span> <span class='ocrx_word' id='word_1_101' title='bbox 707 1714 777 1795; x_wconf 77' lang='lat' dir='ltr'>freto</span> <span class='ocrx_word' id='word_1_102' title='bbox 798 1716 899 1777; x_wconf 80' lang='lat' dir='ltr'>cortina</span> <span class='ocrx_word' id='word_1_103' title='bbox 920 1733 1048 1796; x_wconf 86' lang='lat' dir='ltr'>receptat,</span> <span class='ocrx_word' id='word_1_104' title='bbox 1073 1717 1155 1776; x_wconf 80' lang='lat' dir='ltr'>Caua.</span> 
     </span>
    </p>
   </div>
   <div class='ocr_carea' id='block_1_3' title="bbox 394 1791 1382 1882">
    <p class='ocr_par' dir='ltr' id='par_1_8' title="bbox 394 1791 1382 1882">
     <span class='ocr_line' id='line_1_16' title="bbox 394 1791 1382 1882; baseline 0.002 -25"><span class='ocrx_word' id='word_1_105' title='bbox 394 1795 491 1865; x_wconf 76' lang='lat' dir='ltr'>‚Nam</span> <span class='ocrx_word' id='word_1_106' title='bbox 513 1797 601 1864; x_wconf 84' lang='lat' dir='ltr'>verba</span> <span class='ocrx_word' id='word_1_107' title='bbox 616 1796 699 1859; x_wconf 85' lang='lat' dir='ltr'>Ennii</span> <span class='ocrx_word' id='word_1_108' title='bbox 715 1791 826 1878; x_wconf 84' lang='lat' dir='ltr'>usurpat</span> <span class='ocrx_word' id='word_1_109' title='bbox 846 1816 973 1871; x_wconf 90' lang='lat' dir='ltr'>tantum,</span> <span class='ocrx_word' id='word_1_110' title='bbox 989 1816 1050 1879; x_wconf 80' lang='lat' dir='ltr'>quae</span> <span class='ocrx_word' id='word_1_111' title='bbox 1069 1797 1105 1857; x_wconf 88' lang='lat' dir='ltr'>ita</span> <span class='ocrx_word' id='word_1_112' title='bbox 1123 1796 1232 1880; x_wconf 83' lang='lat' dir='ltr'>possunt</span> <span class='ocrx_word' id='word_1_113' title='bbox 1251 1798 1337 1882; x_wconf 83' lang='lat' dir='ltr'>redigi</span> <span class='ocrx_word' id='word_1_114' title='bbox 1353 1799 1382 1859; x_wconf 90' lang='lat' dir='ltr'>in</span> 
     </span>
    </p>
   </div>
   <div class='ocr_carea' id='block_1_4' title="bbox 363 1900 908 1941">
    <p class='ocr_par' dir='ltr' id='par_1_9' title="bbox 363 1900 908 1941">
     <span class='ocr_line' id='line_1_17' title="bbox 363 1900 908 1941; baseline 0.002 -1"><span class='ocrx_word' id='word_1_115' title='bbox 363 1906 366 1909; x_wconf 84' lang='grc'><strong><em>’</em></strong></span> <span class='ocrx_word' id='word_1_116' title='bbox 413 1900 559 1941; x_wconf 66' lang='lat' dir='ltr'>numeros:</span> <span class='ocrx_word' id='word_1_117' title='bbox 905 1924 908 1931; x_wconf 87' lang='lat'><strong>.</strong></span> 
     </span>
    </p>
   </div>
   <div class='ocr_carea' id='block_1_5' title="bbox 337 1958 1385 3344">
    <p class='ocr_par' dir='ltr' id='par_1_10' title="bbox 337 1958 1383 2613">
     <span class='ocr_line' id='line_1_18' title="bbox 455 1958 1132 2041; baseline 0.003 -22"><span class='ocrx_word' id='word_1_118' title='bbox 455 1962 570 2041; x_wconf 73' lang='lat' dir='ltr'>Quaque</span> <span class='ocrx_word' id='word_1_119' title='bbox 583 1959 654 2040; x_wconf 78' lang='lat' dir='ltr'>freto</span> <span class='ocrx_word' id='word_1_120' title='bbox 674 1982 743 2023; x_wconf 81' lang='lat' dir='ltr'>caua</span> <span class='ocrx_word' id='word_1_121' title='bbox 762 1961 870 2021; x_wconf 79' lang='lat' dir='ltr'>camseo</span> <span class='ocrx_word' id='word_1_122' title='bbox 890 1958 991 2021; x_wconf 79' lang='lat' dir='ltr'>cortina</span> <span class='ocrx_word' id='word_1_123' title='bbox 1011 1976 1132 2039; x_wconf 84' lang='lat' dir='ltr'>receptat.</span> 
     </span>
     <span class='ocr_line' id='line_1_19' title="bbox 417 2040 1383 2124; baseline 0 -21"><span class='ocrx_word' id='word_1_124' title='bbox 417 2044 521 2103; x_wconf 75' lang='lat' dir='ltr'>cortina</span> <span class='ocrx_word' id='word_1_125' title='bbox 541 2060 599 2102; x_wconf 86' lang='lat' dir='ltr'>etat</span> <span class='ocrx_word' id='word_1_126' title='bbox 614 2043 775 2124; x_wconf 86' lang='lat' dir='ltr'>operculum</span> <span class='ocrx_word' id='word_1_127' title='bbox 794 2043 908 2123; x_wconf 77' lang='lat' dir='ltr'>tripodis</span> <span class='ocrx_word' id='word_1_128' title='bbox 927 2041 1059 2122; x_wconf 87' lang='lat' dir='ltr'>Delphici</span> <span class='ocrx_word' id='word_1_129' title='bbox 1082 2040 1237 2122; x_wconf 77' lang='lat' dir='ltr'>Apollinis,</span> <span class='ocrx_word' id='word_1_130' title='bbox 1253 2064 1288 2102; x_wconf 83' lang='lat' dir='ltr'>ex</span> <span class='ocrx_word' id='word_1_131' title='bbox 1305 2044 1383 2103; x_wconf 89' lang='lat' dir='ltr'>corio</span> 
     </span>
     <span class='ocr_line' id='line_1_20' title="bbox 416 2121 1383 2202; baseline 0.001 -19"><span class='ocrx_word' id='word_1_132' title='bbox 416 2121 555 2202; x_wconf 85' lang='lat' dir='ltr'>Pythonis</span> <span class='ocrx_word' id='word_1_133' title='bbox 574 2122 723 2202; x_wconf 85' lang='lat' dir='ltr'>serpentis,</span> <span class='ocrx_word' id='word_1_134' title='bbox 751 2126 830 2197; x_wconf 89' lang='lat' dir='ltr'>cujus</span> <span class='ocrx_word' id='word_1_135' title='bbox 846 2124 936 2183; x_wconf 86' lang='lat' dir='ltr'>forma</span> <span class='ocrx_word' id='word_1_136' title='bbox 958 2122 1050 2183; x_wconf 83' lang='lat' dir='ltr'>similis</span> <span class='ocrx_word' id='word_1_137' title='bbox 1070 2123 1170 2183; x_wconf 84' lang='lat' dir='ltr'>mensae</span> <span class='ocrx_word' id='word_1_138' title='bbox 1190 2126 1333 2199; x_wconf 86' lang='lat' dir='ltr'>rotundae,</span> <span class='ocrx_word' id='word_1_139' title='bbox 1347 2124 1383 2184; x_wconf 85' lang='lat' dir='ltr'>ad</span> 
     </span>
     <span class='ocr_line' id='line_1_21' title="bbox 415 2201 1382 2285; baseline 0.001 -22"><span class='ocrx_word' id='word_1_140' title='bbox 415 2224 500 2285; x_wconf 89' lang='lat' dir='ltr'>quam</span> <span class='ocrx_word' id='word_1_141' title='bbox 512 2201 629 2268; x_wconf 78' lang='lat' dir='ltr'>assidens</span> <span class='ocrx_word' id='word_1_142' title='bbox 642 2202 763 2265; x_wconf 87' lang='lat' dir='ltr'>Phoebas</span> <span class='ocrx_word' id='word_1_143' title='bbox 778 2222 854 2284; x_wconf 87' lang='lat' dir='ltr'>rapta</span> <span class='ocrx_word' id='word_1_144' title='bbox 868 2204 1087 2265; x_wconf 85' lang='lat' dir='ltr'>vaticinabatur:</span> <span class='ocrx_word' id='word_1_145' title='bbox 1101 2204 1172 2265; x_wconf 77' lang='lat' dir='ltr'>dista</span> <span class='ocrx_word' id='word_1_146' title='bbox 1182 2205 1269 2285; x_wconf 84' lang='lat' dir='ltr'>·quasr</span> <span class='ocrx_word' id='word_1_147' title='bbox 1292 2208 1382 2266; x_wconf 82' lang='lat' dir='ltr'>coriti·</span> 
     </span>
     <span class='ocr_line' id='line_1_22' title="bbox 416 2284 1381 2367; baseline 0.003 -23"><span class='ocrx_word' id='word_1_148' title='bbox 416 2307 471 2359; x_wconf 86' lang='lat' dir='ltr'>na,</span> <span class='ocrx_word' id='word_1_149' title='bbox 485 2304 573 2345; x_wconf 89' lang='lat' dir='ltr'>nona</span> <span class='ocrx_word' id='word_1_150' title='bbox 592 2284 693 2358; x_wconf 87' lang='lat' dir='ltr'>corde,</span> <span class='ocrx_word' id='word_1_151' title='bbox 708 2304 738 2347; x_wconf 91' lang='lat' dir='ltr'>ut</span> <span class='ocrx_word' id='word_1_152' title='bbox 753 2286 847 2346; x_wconf 83' lang='lat' dir='ltr'>Varro</span> <span class='ocrx_word' id='word_1_153' title='bbox 861 2284 1007 2346; x_wconf 88' lang='lat' dir='ltr'>existimat.</span> <span class='ocrx_word' id='word_1_154' title='bbox 1023 2284 1078 2347; x_wconf 82' lang='lat' dir='ltr'>sed</span> <span class='ocrx_word' id='word_1_155' title='bbox 1090 2286 1122 2348; x_wconf 75' lang='lat' dir='ltr'>dc</span> <span class='ocrx_word' id='word_1_156' title='bbox 1138 2286 1225 2367; x_wconf 92' lang='lat' dir='ltr'>ipsum</span> <span class='ocrx_word' id='word_1_157' title='bbox 1243 2288 1381 2367; x_wconf 86' lang='lat' dir='ltr'>tripodem</span> 
     </span>
     <span class='ocr_line' id='line_1_23' title="bbox 416 2360 1381 2449; baseline 0.002 -23"><span class='ocrx_word' id='word_1_158' title='bbox 416 2364 606 2449; x_wconf 85' lang='lat' dir='ltr'>significabat,</span> <span class='ocrx_word' id='word_1_159' title='bbox 622 2366 649 2426; x_wconf 89' lang='lat' dir='ltr'>id</span> <span class='ocrx_word' id='word_1_160' title='bbox 667 2364 724 2437; x_wconf 87' lang='lat' dir='ltr'>est,</span> <span class='ocrx_word' id='word_1_161' title='bbox 742 2388 793 2427; x_wconf 87' lang='lat' dir='ltr'>vas</span> <span class='ocrx_word' id='word_1_162' title='bbox 812 2368 927 2449; x_wconf 85' lang='lat' dir='ltr'>ingens,</span> <span class='ocrx_word' id='word_1_163' title='bbox 946 2386 981 2427; x_wconf 82' lang='lat' dir='ltr'>ex</span> <span class='ocrx_word' id='word_1_164' title='bbox 998 2387 1055 2448; x_wconf 89' lang='lat' dir='ltr'>quo</span> <span class='ocrx_word' id='word_1_165' title='bbox 1071 2360 1381 2429; x_wconf 75' lang='lat' dir='ltr'>oracula&#39;credebantur</span> 
     </span>
     <span class='ocr_line' id='line_1_24' title="bbox 337 2445 1382 2531; baseline -0.001 -22"><span class='ocrx_word' id='word_1_166' title='bbox 337 2480 341 2485; x_wconf 93' lang='lat'>·</span> <span class='ocrx_word' id='word_1_167' title='bbox 416 2451 512 2521; x_wconf 84' lang='lat' dir='ltr'>exire3</span> <span class='ocrx_word' id='word_1_168' title='bbox 527 2445 595 2508; x_wconf 81' lang='lat' dir='ltr'>sicut</span> <span class='ocrx_word' id='word_1_169' title='bbox 612 2448 685 2530; x_wconf 90' lang='lat' dir='ltr'>apud</span> <span class='ocrx_word' id='word_1_170' title='bbox 703 2446 821 2510; x_wconf 82' lang='lat' dir='ltr'>Graecos</span> <span class='ocrx_word' id='word_1_171' title='bbox 844 2448 951 2526; x_wconf 62' lang='lat' dir='ltr'>tauta,</span> <span class='ocrx_word' id='word_1_172' title='bbox 971 2449 1002 2510; x_wconf 79' lang='lat' dir='ltr'>dr</span> <span class='ocrx_word' id='word_1_173' title='bbox 1022 2449 1176 2531; x_wconf 84' lang='lat' dir='ltr'>tripodem,</span> <span class='ocrx_word' id='word_1_174' title='bbox 1192 2450 1224 2512; x_wconf 88' lang='lat'>&amp;</span> <span class='ocrx_word' id='word_1_175' title='bbox 1245 2449 1319 2531; x_wconf 82' lang='lat' dir='ltr'>ipsus</span> <span class='ocrx_word' id='word_1_176' title='bbox 1338 2451 1382 2509; x_wconf 87' lang='lat' dir='ltr'>in·</span> 
     </span>
     <span class='ocr_line' id='line_1_25' title="bbox 417 2530 953 2613; baseline 0.004 -24"><span class='ocrx_word' id='word_1_177' title='bbox 417 2543 610 2613; x_wconf 86' lang='lat' dir='ltr'>tegumentum</span> <span class='ocrx_word' id='word_1_178' title='bbox 628 2530 785 2591; x_wconf 84' lang='lat' dir='ltr'>denotabat.</span> <span class='ocrx_word' id='word_1_179' title='bbox 802 2532 953 2611; x_wconf 84' lang='lat' dir='ltr'>Virgilius:</span> 
     </span>
    </p>

    <p class='ocr_par' dir='ltr' id='par_1_11' title="bbox 600 2608 1187 2693">
     <span class='ocr_line' id='line_1_26' title="bbox 600 2608 1187 2693; baseline 0.003 -23"><span class='ocrx_word' id='word_1_180' title='bbox 600 2608 825 2693; x_wconf 57' lang='lat' dir='ltr'>4-—mugire</span> <span class='ocrx_word' id='word_1_181' title='bbox 843 2614 936 2692; x_wconf 78' lang='lat' dir='ltr'>adytis</span> <span class='ocrx_word' id='word_1_182' title='bbox 956 2613 1056 2673; x_wconf 85' lang='lat' dir='ltr'>cortina</span> <span class='ocrx_word' id='word_1_183' title='bbox 1075 2610 1187 2691; x_wconf 80' lang='lat' dir='ltr'>reclufis.</span> 
     </span>
    </p>

    <p class='ocr_par' dir='ltr' id='par_1_12' title="bbox 355 2688 1385 3181">
     <span class='ocr_line' id='line_1_27' title="bbox 355 2688 1383 2769; baseline 0.004 -20"><span class='ocrx_word' id='word_1_184' title='bbox 355 2694 367 2721; x_wconf 82' lang='lat'><em>⁰</em></span> <span class='ocrx_word' id='word_1_185' title='bbox 417 2688 492 2752; x_wconf 87' lang='lat' dir='ltr'>Hinc</span> <span class='ocrx_word' id='word_1_186' title='bbox 508 2693 586 2751; x_wconf 83' lang='lat' dir='ltr'>varia</span> <span class='ocrx_word' id='word_1_187' title='bbox 600 2695 677 2753; x_wconf 89' lang='lat' dir='ltr'>notio</span> <span class='ocrx_word' id='word_1_188' title='bbox 688 2693 771 2769; x_wconf 83' lang='lat' dir='ltr'>lt&#39;ujus</span> <span class='ocrx_word' id='word_1_189' title='bbox 787 2694 875 2754; x_wconf 83' lang='lat' dir='ltr'>vocis.</span> <span class='ocrx_word' id='word_1_190' title='bbox 893 2692 957 2753; x_wconf 86' lang='lat' dir='ltr'>riam</span> <span class='ocrx_word' id='word_1_191' title='bbox 974 2694 1005 2753; x_wconf 76' lang='lat' dir='ltr'>dc</span> <span class='ocrx_word' id='word_1_192' title='bbox 1026 2693 1126 2753; x_wconf 85' lang='lat' dir='ltr'>mensae</span> <span class='ocrx_word' id='word_1_193' title='bbox 1144 2712 1240 2767; x_wconf 82' lang='lat' dir='ltr'>acreae,</span> <span class='ocrx_word' id='word_1_194' title='bbox 1255 2690 1333 2755; x_wconf 72' lang='lat' dir='ltr'>saclae</span> <span class='ocrx_word' id='word_1_195' title='bbox 1348 2691 1383 2753; x_wconf 88' lang='lat' dir='ltr'>ad</span> 
     </span>
     <span class='ocr_line' id='line_1_28' title="bbox 417 2766 1382 2855; baseline 0.006 -26"><span class='ocrx_word' id='word_1_196' title='bbox 417 2769 537 2833; x_wconf 87' lang='lat' dir='ltr'>formam</span> <span class='ocrx_word' id='word_1_197' title='bbox 559 2766 918 2855; x_wconf 76' lang='lat' dir='ltr'>illius-operculi&#39;tripodis‚</span> <span class='ocrx_word' id='word_1_198' title='bbox 941 2774 1112 2854; x_wconf 84' lang='lat' dir='ltr'>appellantur</span> <span class='ocrx_word' id='word_1_199' title='bbox 1134 2777 1256 2850; x_wconf 77' lang='lat' dir='ltr'>cortina,</span> <span class='ocrx_word' id='word_1_200' title='bbox 1278 2776 1382 2836; x_wconf 80' lang='lat' dir='ltr'>eaedem</span> 
     </span>
     <span class='ocr_line' id='line_1_29' title="bbox 417 2854 1383 2939; baseline 0.005 -29"><span class='ocrx_word' id='word_1_201' title='bbox 417 2854 551 2930; x_wconf 68' lang='lat' dir='ltr'>Delfica:</span> <span class='ocrx_word' id='word_1_202' title='bbox 569 2856 600 2917; x_wconf 88' lang='lat'>&amp;</span> <span class='ocrx_word' id='word_1_203' title='bbox 614 2856 680 2914; x_wconf 79' lang='lat' dir='ltr'>vasa</span> <span class='ocrx_word' id='word_1_204' title='bbox 698 2856 795 2916; x_wconf 85' lang='lat' dir='ltr'>similia</span> <span class='ocrx_word' id='word_1_205' title='bbox 809 2856 908 2936; x_wconf 89' lang='lat' dir='ltr'>tripodi</span> <span class='ocrx_word' id='word_1_206' title='bbox 929 2854 1084 2936; x_wconf 85' lang='lat' dir='ltr'>Delphico,</span> <span class='ocrx_word' id='word_1_207' title='bbox 1099 2856 1127 2913; x_wconf 89' lang='lat' dir='ltr'>in</span> <span class='ocrx_word' id='word_1_208' title='bbox 1145 2858 1245 2936; x_wconf 75' lang='lat' dir='ltr'>quibus</span> <span class='ocrx_word' id='word_1_209' title='bbox 1259 2858 1383 2939; x_wconf 58' lang='lat' dir='ltr'>pigmen·</span> 
     </span>
     <span class='ocr_line' id='line_1_30' title="bbox 417 2934 1384 3018; baseline 0.006 -27"><span class='ocrx_word' id='word_1_210' title='bbox 417 2949 448 2991; x_wconf 89' lang='lat' dir='ltr'>ta</span> <span class='ocrx_word' id='word_1_211' title='bbox 466 2934 623 3016; x_wconf 89' lang='lat' dir='ltr'>coloresque</span> <span class='ocrx_word' id='word_1_212' title='bbox 646 2954 802 3017; x_wconf 84' lang='lat' dir='ltr'>coquuntur</span> <span class='ocrx_word' id='word_1_213' title='bbox 821 2935 987 2999; x_wconf 85' lang='lat' dir='ltr'>sufficiendis</span> <span class='ocrx_word' id='word_1_214' title='bbox 1004 2937 1081 3014; x_wconf 79' lang='lat' dir='ltr'>lanis.</span> <span class='ocrx_word' id='word_1_215' title='bbox 1101 2937 1188 3017; x_wconf 85' lang='lat' dir='ltr'>Apud</span> <span class='ocrx_word' id='word_1_216' title='bbox 1204 2956 1299 3018; x_wconf 86' lang='lat' dir='ltr'>poetas</span> <span class='ocrx_word' id='word_1_217' title='bbox 1316 2957 1384 2997; x_wconf 85' lang='lat' dir='ltr'>vero</span> 
     </span>
     <span class='ocr_line' id='line_1_31' title="bbox 416 3016 1385 3099; baseline 0.006 -26"><span class='ocrx_word' id='word_1_218' title='bbox 416 3016 503 3075; x_wconf 79' lang='lat' dir='ltr'>etiarn</span> <span class='ocrx_word' id='word_1_219' title='bbox 521 3016 660 3092; x_wconf 85' lang='lat' dir='ltr'>licentius,</span> <span class='ocrx_word' id='word_1_220' title='bbox 678 3020 816 3099; x_wconf 82' lang='lat' dir='ltr'>capacitas</span> <span class='ocrx_word' id='word_1_221' title='bbox 839 3040 965 3089; x_wconf 73' lang='lat' dir='ltr'>convexa</span> <span class='ocrx_word' id='word_1_222' title='bbox 984 3020 1015 3077; x_wconf 79' lang='lat' dir='ltr'>dr</span> <span class='ocrx_word' id='word_1_223' title='bbox 1041 3016 1139 3077; x_wconf 74' lang='lat' dir='ltr'>inradia</span> <span class='ocrx_word' id='word_1_224' title='bbox 1167 3036 1285 3079; x_wconf 87' lang='lat' dir='ltr'>vocatur</span> <span class='ocrx_word' id='word_1_225' title='bbox 1306 3022 1385 3080; x_wconf 90' lang='lat' dir='ltr'>corti·</span> 
     </span>
     <span class='ocr_line' id='line_1_32' title="bbox 417 3096 1160 3181; baseline 0.007 -26"><span class='ocrx_word' id='word_1_226' title='bbox 417 3116 472 3172; x_wconf 83' lang='lat' dir='ltr'>na,</span> <span class='ocrx_word' id='word_1_227' title='bbox 488 3115 518 3158; x_wconf 90' lang='lat' dir='ltr'>ut</span> <span class='ocrx_word' id='word_1_228' title='bbox 533 3096 637 3159; x_wconf 81' lang='lat' dir='ltr'>Ennius</span> <span class='ocrx_word' id='word_1_229' title='bbox 658 3100 703 3158; x_wconf 91' lang='lat' dir='ltr'>hic</span> <span class='ocrx_word' id='word_1_230' title='bbox 718 3099 753 3160; x_wconf 90' lang='lat' dir='ltr'>de</span> <span class='ocrx_word' id='word_1_231' title='bbox 768 3101 875 3161; x_wconf 86' lang='lat' dir='ltr'>aetltcre.</span> <span class='ocrx_word' id='word_1_232' title='bbox 892 3101 995 3181; x_wconf 84' lang='lat' dir='ltr'>Virgil.</span> <span class='ocrx_word' id='word_1_233' title='bbox 1018 3102 1046 3156; x_wconf 85' lang='lat' dir='ltr'>in</span> <span class='ocrx_word' id='word_1_234' title='bbox 1058 3097 1160 3161; x_wconf 80' lang='lat' dir='ltr'>&#39;sEtnaa</span> 
     </span>
    </p>

    <p class='ocr_par' dir='ltr' id='par_1_13' title="bbox 462 3180 1118 3261">
     <span class='ocr_line' id='line_1_33' title="bbox 462 3180 1118 3261; baseline 0.003 -23"><span class='ocrx_word' id='word_1_235' title='bbox 462 3180 628 3260; x_wconf 78' lang='lat' dir='ltr'>Carmineque</span> <span class='ocrx_word' id='word_1_236' title='bbox 648 3181 746 3260; x_wconf 80' lang='lat' dir='ltr'>irriguo</span> <span class='ocrx_word' id='word_1_237' title='bbox 766 3182 856 3261; x_wconf 79' lang='lat' dir='ltr'>magni</span> <span class='ocrx_word' id='word_1_238' title='bbox 875 3182 978 3241; x_wconf 80' lang='lat' dir='ltr'>cortina</span> <span class='ocrx_word' id='word_1_239' title='bbox 1003 3183 1118 3252; x_wconf 79' lang='lat' dir='ltr'>theatri,</span> 
     </span>
    </p>

    <p class='ocr_par' dir='ltr' id='par_1_14' title="bbox 460 3258 1321 3344">
     <span class='ocr_line' id='line_1_34' title="bbox 460 3258 1321 3344; baseline 0.01 -26"><span class='ocrx_word' id='word_1_240' title='bbox 460 3260 608 3339; x_wconf 74' lang='lat' dir='ltr'>Inparibus</span> <span class='ocrx_word' id='word_1_241' title='bbox 628 3264 762 3343; x_wconf 80' lang='lat' dir='ltr'>numerosa</span> <span class='ocrx_word' id='word_1_242' title='bbox 780 3261 867 3323; x_wconf 87' lang='lat' dir='ltr'>modis</span> <span class='ocrx_word' id='word_1_243' title='bbox 886 3260 960 3322; x_wconf 83' lang='lat' dir='ltr'>cadit</span> <span class='ocrx_word' id='word_1_244' title='bbox 979 3280 1033 3322; x_wconf 85' lang='lat' dir='ltr'>arte</span> <span class='ocrx_word' id='word_1_245' title='bbox 1052 3261 1172 3344; x_wconf 83' lang='lat' dir='ltr'>regentr&#39;s.</span> <span class='ocrx_word' id='word_1_246' title='bbox 1185 3258 1321 3327; x_wconf 68' lang='lat' dir='ltr'>Porinas</span> 
     </span>
    </p>
   </div>
   <div class='ocr_carea' id='block_1_6' title="bbox 796 3443 995 3544">
    <p class='ocr_par' dir='ltr' id='par_1_15' title="bbox 796 3443 995 3544">
     <span class='ocr_line' id='line_1_35' title="bbox 796 3443 995 3544; baseline 0.015 -27"><span class='ocrx_word' id='word_1_247' title='bbox 796 3443 918 3544; x_wconf 87' lang='lat' dir='ltr'>Pagina</span> <span class='ocrx_word' id='word_1_248' title='bbox 938 3466 995 3538; x_wconf 89' lang='lat'>91.</span> 
     </span>
    </p>
   </div>
   <div class='ocr_carea' id='block_1_7' title="bbox 418 3588 1387 4083">
    <p class='ocr_par' dir='ltr' id='par_1_16' title="bbox 418 3588 1387 4083">
     <span class='ocr_line' id='line_1_36' title="bbox 460 3588 1386 3673; baseline 0.001 -23"><span class='ocrx_word' id='word_1_249' title='bbox 460 3589 507 3651; x_wconf 88' lang='lat' dir='ltr'>lin.</span> <span class='ocrx_word' id='word_1_250' title='bbox 529 3610 556 3651; x_wconf 85' lang='lat' dir='ltr'>a.</span> <span class='ocrx_word' id='word_1_251' title='bbox 577 3588 714 3673; x_wconf 66' lang='lat' dir='ltr'>cortina]</span> <span class='ocrx_word' id='word_1_252' title='bbox 734 3590 855 3672; x_wconf 73' lang='lat' dir='ltr'>Tpr&#39;rrcur</span> <span class='ocrx_word' id='word_1_253' title='bbox 873 3592 905 3653; x_wconf 80' lang='lat' dir='ltr'>dt</span> <span class='ocrx_word' id='word_1_254' title='bbox 922 3591 1018 3664; x_wconf 69' lang='grc' dir='ltr'><strong><em>λέβης.</em></strong></span> <span class='ocrx_word' id='word_1_255' title='bbox 1037 3588 1079 3653; x_wconf 86' lang='lat' dir='ltr'>Ea</span> <span class='ocrx_word' id='word_1_256' title='bbox 1095 3588 1134 3654; x_wconf 86' lang='lat' dir='ltr'>esl</span> <span class='ocrx_word' id='word_1_257' title='bbox 1152 3589 1276 3673; x_wconf 86' lang='lat' dir='ltr'>proprie,</span> <span class='ocrx_word' id='word_1_258' title='bbox 1289 3588 1318 3650; x_wconf 87' lang='lat' dir='ltr'>in</span> <span class='ocrx_word' id='word_1_259' title='bbox 1331 3608 1386 3672; x_wconf 85' lang='lat' dir='ltr'>qua</span> 
     </span>
     <span class='ocr_line' id='line_1_37' title="bbox 420 3670 1383 3754; baseline 0.001 -23"><span class='ocrx_word' id='word_1_260' title='bbox 420 3672 483 3733; x_wconf 88' lang='lat' dir='ltr'>lana</span> <span class='ocrx_word' id='word_1_261' title='bbox 502 3670 612 3734; x_wconf 66' lang='lat' dir='ltr'>suffecta</span> <span class='ocrx_word' id='word_1_262' title='bbox 634 3672 729 3734; x_wconf 85' lang='lat' dir='ltr'>succos</span> <span class='ocrx_word' id='word_1_263' title='bbox 745 3672 839 3733; x_wconf 87' lang='lat' dir='ltr'>ebibit.</span> <span class='ocrx_word' id='word_1_264' title='bbox 864 3673 914 3735; x_wconf 83' lang='lat' dir='ltr'>Ab</span> <span class='ocrx_word' id='word_1_265' title='bbox 933 3695 968 3735; x_wconf 87' lang='lat' dir='ltr'>co</span> <span class='ocrx_word' id='word_1_266' title='bbox 993 3673 1056 3734; x_wconf 85' lang='lat' dir='ltr'>usus</span> <span class='ocrx_word' id='word_1_267' title='bbox 1073 3672 1111 3735; x_wconf 87' lang='lat' dir='ltr'>esl</span> <span class='ocrx_word' id='word_1_268' title='bbox 1130 3674 1292 3754; x_wconf 85' lang='lat' dir='ltr'>metaphora</span> <span class='ocrx_word' id='word_1_269' title='bbox 1313 3671 1383 3735; x_wconf 85' lang='lat' dir='ltr'>Cor.</span> 
     </span>
     <span class='ocr_line' id='line_1_38' title="bbox 418 3752 1385 3837; baseline -0.001 -23"><span class='ocrx_word' id='word_1_270' title='bbox 418 3752 534 3832; x_wconf 82' lang='lat' dir='ltr'>Tacitus</span> <span class='ocrx_word' id='word_1_271' title='bbox 548 3756 576 3813; x_wconf 90' lang='lat' dir='ltr'>in</span> <span class='ocrx_word' id='word_1_272' title='bbox 593 3754 720 3837; x_wconf 82' lang='lat' dir='ltr'>dialogo,</span> <span class='ocrx_word' id='word_1_273' title='bbox 736 3776 807 3814; x_wconf 85' lang='lat' dir='ltr'>cum</span> <span class='ocrx_word' id='word_1_274' title='bbox 825 3755 884 3827; x_wconf 87' lang='lat' dir='ltr'>ait,</span> <span class='ocrx_word' id='word_1_275' title='bbox 900 3756 928 3813; x_wconf 89' lang='lat' dir='ltr'>in</span> <span class='ocrx_word' id='word_1_276' title='bbox 948 3753 1064 3817; x_wconf 85' lang='lat' dir='ltr'>Cortina</span> <span class='ocrx_word' id='word_1_277' title='bbox 1082 3754 1143 3816; x_wconf 85' lang='lat' dir='ltr'>esle.</span> <span class='ocrx_word' id='word_1_278' title='bbox 1165 3755 1200 3815; x_wconf 84' lang='lat' dir='ltr'>ld</span> <span class='ocrx_word' id='word_1_279' title='bbox 1218 3755 1385 3814; x_wconf 82' lang='lat' dir='ltr'>contrarium</span> 
     </span>
     <span class='ocr_line' id='line_1_39' title="bbox 423 3835 1387 3919; baseline -0.002 -24"><span class='ocrx_word' id='word_1_280' title='bbox 423 3835 462 3895; x_wconf 88' lang='lat' dir='ltr'>est</span> <span class='ocrx_word' id='word_1_281' title='bbox 476 3838 517 3912; x_wconf 90' lang='lat' dir='ltr'>ei,</span> <span class='ocrx_word' id='word_1_282' title='bbox 537 3836 617 3919; x_wconf 91' lang='lat' dir='ltr'>quod</span> <span class='ocrx_word' id='word_1_283' title='bbox 638 3837 731 3897; x_wconf 87' lang='lat' dir='ltr'>Graeci</span> <span class='ocrx_word' id='word_1_284' title='bbox 751 3835 918 3898; x_wconf 72' lang='lat' dir='ltr'>devoratoria</span> <span class='ocrx_word' id='word_1_285' title='bbox 936 3853 1048 3898; x_wconf 89' lang='lat' dir='ltr'>vocant.</span> <span class='ocrx_word' id='word_1_286' title='bbox 1065 3836 1143 3914; x_wconf 86' lang='lat' dir='ltr'>Quae</span> <span class='ocrx_word' id='word_1_287' title='bbox 1159 3838 1233 3896; x_wconf 89' lang='lat' dir='ltr'>enim</span> <span class='ocrx_word' id='word_1_288' title='bbox 1251 3836 1281 3895; x_wconf 89' lang='lat' dir='ltr'>in</span> <span class='ocrx_word' id='word_1_289' title='bbox 1303 3837 1387 3896; x_wconf 89' lang='lat' dir='ltr'>corti·</span> 
     </span>
     <span class='ocr_line' id='line_1_40' title="bbox 421 3916 1387 3999; baseline 0 -24"><span class='ocrx_word' id='word_1_290' title='bbox 421 3936 458 3975; x_wconf 83' lang='lat' dir='ltr'>tta</span> <span class='ocrx_word' id='word_1_291' title='bbox 478 3917 562 3995; x_wconf 85' lang='lat' dir='ltr'>sunt,</span> <span class='ocrx_word' id='word_1_292' title='bbox 588 3918 714 3979; x_wconf 90' lang='lat' dir='ltr'>nondum</span> <span class='ocrx_word' id='word_1_293' title='bbox 742 3921 851 3999; x_wconf 85' lang='lat' dir='ltr'>penitus</span> <span class='ocrx_word' id='word_1_294' title='bbox 878 3918 1046 3981; x_wconf 86' lang='lat' dir='ltr'>ianbiberunt</span> <span class='ocrx_word' id='word_1_295' title='bbox 1065 3917 1184 3977; x_wconf 89' lang='lat' dir='ltr'>succum.</span> <span class='ocrx_word' id='word_1_296' title='bbox 1203 3918 1247 3977; x_wconf 85' lang='lat' dir='ltr'>At</span> <span class='ocrx_word' id='word_1_297' title='bbox 1268 3916 1387 3989; x_wconf 80' lang='lat' dir='ltr'>hercule,</span> 
     </span>
     <span class='ocr_line' id='line_1_41' title="bbox 421 3997 1386 4083; baseline 0.001 -26"><span class='ocrx_word' id='word_1_298' title='bbox 421 3997 523 4079; x_wconf 85' lang='lat' dir='ltr'>inquit,</span> <span class='ocrx_word' id='word_1_299' title='bbox 535 4001 700 4083; x_wconf 76' lang='lat' dir='ltr'>pervulgatis</span> <span class='ocrx_word' id='word_1_300' title='bbox 711 3999 771 4083; x_wconf 76' lang='lat' dir='ltr'>jum</span> <span class='ocrx_word' id='word_1_301' title='bbox 789 4000 927 4077; x_wconf 76' lang='lat' dir='ltr'>ornatibus,</span> <span class='ocrx_word' id='word_1_302' title='bbox 944 4021 1002 4064; x_wconf 78' lang='lat' dir='ltr'>curu</span> <span class='ocrx_word' id='word_1_303' title='bbox 1018 4000 1070 4061; x_wconf 82' lang='lat' dir='ltr'>aix</span> <span class='ocrx_word' id='word_1_304' title='bbox 1090 3999 1121 4062; x_wconf 84' lang='lat' dir='ltr'>in</span> <span class='ocrx_word' id='word_1_305' title='bbox 1135 4001 1236 4061; x_wconf 81' lang='lat' dir='ltr'>cortin&#39;a</span> <span class='ocrx_word' id='word_1_306' title='bbox 1249 3999 1386 4082; x_wconf 76' lang='lat' dir='ltr'>quisquan</span> 
     </span>
    </p>
   </div>
   <div class='ocr_carea' id='block_1_8' title="bbox 0 0 1616 4967">
    <p class='ocr_par' dir='ltr' id='par_1_17' title="bbox 0 0 1616 4967">
     <span class='ocr_line' id='line_1_42' title="bbox 0 0 1616 4967; baseline 0 0"><span class='ocrx_word' id='word_1_307' title='bbox 0 0 1616 4967; x_wconf 95' lang='lat' dir='ltr'> </span> 
     </span>
    </p>
   </div>
  </div>
 </body>
</html>
