3209 4967
368 500 463 574 ¹rrt
512 462 1009 575 ruleururr.
1112 503 1182 600 „r

221 653 329 739 piosum
351 654 509 738 sanguinem
536 674 674 741 generant.
692 680 728 719 err
747 680 803 739 quo
826 661 854 718 in
875 631 944 721 libro
965 658 1000 721 de
1024 658 1183 739 Euthymia
1277 693 1280 700 ,

222 736 350 799 Galenus
365 738 463 816 refert,
480 739 522 813 se,
536 760 600 799 cum
616 760 720 801 annum
734 762 819 821 agens
829 740 960 801 oslavum
970 742 1001 802 δι
1016 740 1182 800 vicesrmum

222 817 374 879 abscessum
394 822 483 881 vereri
500 819 643 900 coepillet,
661 841 716 902 qua
734 822 819 900 hepar
836 822 1014 904 diaphragma
1033 824 1184 903 contingit,

224 898 378 961 abstinuisse
393 902 521 963 omnibus
534 902 651 977 horreis,
666 905 785 984 exceptis
801 900 861 962 ficis
875 904 907 963 δι
923 908 985 965 uvis
1003 906 1110 986 egregie
1125 923 1191 963 maa

221 980 426 1044 tureseentibus.

265 1063 351 1122 Nihil
360 1065 426 1144 sunt
444 1064 531 1145 Musae
555 1064 635 1145 &c.]
654 1064 708 1125 Alii
724 1064 809 1126 aliter.
825 1083 880 1146 ego
900 1064 1084 1137 emendarint,
1098 1064 1184 1141 polica

222 1142 304 1218 clos,
316 1145 393 1225 quod
408 1144 671 1207 minimum'recedit
688 1168 705 1205 a
723 1146 847 1228 vestigiis
867 1146 969 1205 vereris
983 1145 1132 1224 scriptura,
1150 1147 1184 1207 &

222 1224 259 1283 ad
277 1224 438 1286 sententiam
454 1243 551 1305 aptum
565 1225 605 1287 est
620 1228 747 1287 maxime.
762 1248 826 1287 curn
836 1228 909 1287 enirn
923 1226 1004 1306 paulo
1016 1243 1078 1285 ante
1092 1247 1185 1306 repreo

222 1304 358 1367 hendillet
376 1306 561 1391 astrologum,
573 1310 620 1389 qui
637 1309 763 1391 peculiari
779 1309 898 1369 siderum
912 1306 1120 1377 observatione,
1134 1324 1185 1367 aut

222 1386 277 1446 alio
297 1386 389 1448 nescio
402 1409 459 1469 quo
472 1392 588 1451 invento
598 1390 625 1453 se
643 1388 790 1451 efferebat:
807 1392 860 1451 hoc
881 1392 949 1465 jacit
962 1389 991 1447 in
1008 1386 1185 1460 statuarium,

225 1468 276 1543 δι,
293 1467 375 1529 Nihili
401 1469 535 1531 faciundae
557 1471 634 1547 sunt,
654 1472 757 1553 inquit,
779 1471 922 1532 Musarum
936 1468 1046 1543 statute,
1062 1488 1129 1549 quas
1147 1488 1186 1527 ex

224 1566 279 1608 aere
298 1552 335 1609 lta
361 1550 505 1611 artificiose
528 1551 643 1627 duxisti,
662 1570 691 1611 ur
714 1552 918 1633 frequentes&
939 1571 1055 1611 canoros
1082 1550 1186 1609 sonitus
1300 1607 1301 1612 ,

145 1704 149 1711 ¹
224 1628 306 1691 edere
321 1632 473 1693 videantur.
489 1625 564 1695 Nam
585 1634 712 1715 seipsum
728 1633 841 1693 noscere
856 1634 887 1693 &
906 1633 1019 1705 intueri,
1036 1650 1185 1711 acremque

223 1708 252 1769 se
266 1712 437 1773 &vitiorum
447 1714 477 1775 δι
493 1714 632 1775 bonorum
649 1715 756 1777 suorum
777 1714 900 1790 judicem
908 1714 1048 1796 praebere,
1058 1713 1086 1772 id
1100 1732 1186 1772 ununt

221 1789 302 1853 laude
319 1793 431 1876 dignum
445 1794 493 1856 esl.
543 1862 547 1875 ¹
849 1811 851 1818 ’

265 1876 379 1952 AErifice
390 1876 494 1956 duxrh]
512 1876 580 1937 AEra
597 1877 715 1951 ducere,
730 1878 872 1957 proprium
888 1896 960 1958 opus
975 1873 1188 1950 statuariorum,

223 1971 289 2014 curn
308 1957 411 2016 malleis
427 1973 567 2017 attenuant
587 1957 780 2023 &efformant
801 1957 923 2039 effigiem
940 1958 1067 2039 ahquarn.
1084 1956 1187 2018 Horat.
1259 2005 1261 2012 .
1310 1942 1312 1951 Ι

221 2032 267 2094 lib.
289 2056 306 2095 2
321 2034 407 2118 Epist.

319 2118 321 2123 ’
409 2119 611 2180 ——alius
629 2122 743 2201 Lyfippo
762 2123 865 2181 duceret
882 2140 950 2197 ara,

265 2199 364 2278 Magni
382 2200 656 2263 Alexandri-vultum
669 2201 835 2281 fimulantr'a.

223 2274 298 2340 Hinc
311 2278 409 2343 aerifice
423 2280 522 2345 ducere
532 2282 655 2347 Varroni
670 2282 720 2359 est,
730 2306 764 2344 ex
774 2282 1043 2364 aerefabricare‚aut
1053 2280 1188 2365 sculperet
1297 2273 1303 2295 '

576 2443 700 2556 Paglna
731 2460 812 2535 282.¹

265 2590 357 2650 Videre
371 2590 467 2651 volitur
481 2592 509 2650 in
523 2591 590 2648 mari
607 2592 728 2651 thurinos.
742 2590 755 2673 ]
773 2573 866 2652 Greci
884 2588 943 2649 uno
959 2588 1050 2649 verbo
1065 2586 1184 2650 efferunt
1278 2621 1280 2632 ·

222 2670 433 2747 herrorem,
453 2671 528 2752 quast
544 2692 560 2731 e
574 2670 680 2751 specula
695 2672 818 2732 thuanus
837 2670 995 2732 observare.
1018 2670 1185 2750 Aristophaq

223 2772 271 2812 nes
289 2750 439 2815 Ἱππεῦσιε
457 2752 613 2831 hornbach
635 2752 744 2834 πέτρων
764 2754 872 2817 bruher
885 2749 1076 2835 τοῦςφόρους
1091 2757 1183 2813 bvrre-

222 2833 345 2896 σκοπῶν.
362 2833 559 2897 Observabant
578 2850 672 2893 autemr
693 2836 784 2894 cetarii
798 2837 921 2895 thunnos
937 2835 966 2891 in
984 2836 1184 2912 promontoriis

222 2916 305 2975 maris
316 2961 326 2989 ,
337 2918 384 2977 vel
398 2938 414 2977 e
429 2916 544 2995 praealtis
559 2916 694 2987 trabibus,
704 2914 802 2976 defixis
816 2919 844 2976 in
860 2916 945 2977 vado.
957 2914 1032 2974 Hinc
1047 2914 1181 2988 Varroni,

221 2998 352 3077 ascendere
364 3000 391 3058 in
406 2999 502 3057 malum
513 2998 567 3057 alte
573 3020 586 3069 ;
599 2994 768 3073 Philostrato,
778 2994 969 3079 Euontpasrer'
978 3017 1025 3057 arr
1039 2995 1088 3072 ἀφ’
1105 2989 1183 3074 ddu-
1290 3027 1293 3039 ·
1326 3013 1329 3022 “

222 3073 273 3137 λοῦ
287 3075 374 3158 ξύλου
385 3124 394 3152 ,
407 3079 454 3141 lib.
475 3099 487 3140 1
509 3078 635 3139 leonum.

238 3160 240 3167 '
264 3161 332 3219 Luto
343 3160 466 3244 straena]
484 3160 525 3221 lra'
546 3160 606 3219 libri
621 3176 746 3220 veteres:
766 3157 813 3219 sed
827 3159 936 3219 videtur
951 3156 1114 3241 legendum,
1125 3159 1182 3217 Lu-

224 3240 274 3313 do,
291 3239 348 3299 sive
367 3245 464 3321 Lydo,
488 3240 588 3302 scilicet
609 3242 685 3320 regi,
703 3240 828 3300 Padlolus
849 3241 911 3300 tulit
928 3261 1029 3300 aurum.
1046 3237 1182 3318 Loquitur

224 3320 297 3377 enim
313 3322 347 3380 de
363 3326 449 3383 aureis
466 3323 610 3395 lateribus,
622 3342 694 3403 quos
708 3321 868 3381 Herodorus
881 3321 978 3391 reserr,
990 3319 1121 3381 Croesum
1135 3340 1182 3379 re·

224 3418 306 3480 gem,
320 3422 466 3479 parantem
485 3405 688 3486 expeditionem
708 3403 735 3461 in
752 3401 878 3484 Cyrum,
901 3401 1024 3464 obtulill'e
1040 3403 1072 3461 δι
1084 3400 1182 3461 conse·
1251 3457 1254 3467 ,

223 3480 307 3540 cralle
328 3484 450 3563 Apollini
467 3484 623 3565 Delphico,
645 3504 763 3544 nurnero
784 3499 896 3545 centurn
917 3486 948 3545 δι
965 3481 1179 3563 septemdecim,

224 3561 337 3622 hnmani
353 3566 493 3642 pondere:
507 3569 542 3627 de
559 3568 655 3648 quibus
673 3567 757 3626 etiarn
777 3569 900 3625 meminit
916 3565 1088 3626 Lucianusiu
1101 3560 1181 3628 char
1233 3644 1236 3654 Ι
1267 3565 1271 3575 ’

223 3660 322 3718 tonte,
339 3647 371 3705 &
393 3646 529 3707 Ausonius
546 3650 574 3705 in
590 3646 670 3706 Ludo
687 3647 791 3727 septem
812 3644 988 3727 Sapientum:

264 3724 325 3785 Rex
344 3748 380 3784 an
394 3746 526 3805 tyrannus
545 3730 640 3807 Lydia
661 3730 756 3808 croefiis
773 3726 833 3809 ficit

263 3807 322 3864 His
342 3811 371 3865 in
392 3810 492 3880 bearis,
513 3809 586 3868 dives
606 3810 726 3890 insanum
746 3811 775 3867 ln
795 3812 913 3882 modun,

265 3888 403 3948 lareribus
423 3891 509 3947 aunis
529 3888 623 3968 templa
643 3891 688 3968 qui
707 3891 780 3949 divis
799 3893 891 3949 dabat.

139 3969 144 3982 ¹
223 3966 279 4032 Sed
295 3970 387 4033 infelix
406 3970 465 4045 ejus
485 3970 547 4031 beli
571 3970 657 4031 exitus
671 3970 703 4031 ὅ(
718 3974 850 4057 ,captivus
863 3969 976 4035 Croesru
993 3970 1103 4047 docuit,
1117 3967 1181 4042 sru2

1363 4028 1374 4061 h
