3209 4967
1173 371 1180 381 =
1290 350 1304 389 0

293 472 544 631 *d,
744 531 1061 631 uuna,

402 705 471 745 mox
485 682 626 745 addusluri
644 682 753 760 sumus,
769 688 834 746 citat
851 685 926 746 idem
940 683 1068 761 Nonius,
1085 687 1117 748 &
1134 704 1198 748 cum
1213 686 1362 770 superioris

320 798 339 853 p
370 838 374 848 Ι
400 765 453 827 bus
469 763 654 847 conjungendi
673 765 732 827 sunt
751 768 787 827 ad
807 768 881 827 hunc
895 768 1031 829 modum:

397 914 400 921 ,
485 857 597 918 -Tum
611 877 697 921 autent
713 860 841 941 lasciuum
864 862 945 921 Nerei
954 864 1048 940 fimum
1065 879 1148 942 pecus

398 961 408 981 a
444 941 550 998 ludens
571 941 610 997 ad
620 958 724 1000 eentum
744 934 857 1017 elaffiuin
878 942 1016 1023 lustratur:
1031 944 1128 1019 strenae
1145 943 1207 1004 citis

445 1022 584 1101 Delphina
604 1018 704 1099 junilla
725 1022 870 1098 vehiculis,
885 1025 1111 1104 hippocampisque
1135 1025 1244 1104 aspretis.
1289 1097 1294 1104 ¹
1405 1040 1408 1043 ’

402 1107 560 1170 Ridiculum
578 1110 637 1186 ell,
654 1112 762 1187 junslos
783 1115 880 1173 dicere¹
898 1135 992 1174 currus
1009 1117 1145 1175 immanes
1164 1114 1315 1176 Nereidum
1334 1115 1367 1177 iis
1419 1166 1425 1175 .

399 1189 552 1270 pisciculis,
572 1194 619 1273 qui
638 1192 764 1254 dicuntur
787 1196 974 1276 Hippoeanrpi.
998 1195 1053 1257 Sed
1071 1198 1202 1257 nimirum
1228 1198 1271 1257 hic
1288 1184 1365 1277 Hip-

398 1274 554 1353 perpetienti,
572 1272 618 1333 vel
634 1274 687 1333 alia
710 1276 838 1355 quaedam
860 1278 990 1338 immania
1009 1277 1129 1339 monstra
1147 1299 1181 1338 ex
1201 1296 1302 1360 genere
1320 1299 1367 1339 ce·

277 1353 282 1373 '
400 1366 493 1413 taceo.
514 1352 590 1413 Nam
612 1358 737 1435 munite
750 1354 822 1418 Cere
841 1359 997 1433 vocabant,
1013 1376 1042 1419 ut
1065 1358 1145 1442 supra
1164 1360 1367 1420 admonuimus.

398 1431 476 1577 {riis
497 1434 701 1523 hippopotamis
724 1438 791 1499 vehi
814 1435 978 1527 Neptunum
1000 1440 1102 1502 indicat
1120 1438 1220 1502 Statius
1242 1442 1271 1501 in
1289 1438 1368 1501 'l'be-
1463 1500 1468 1506 .

439 1538 447 1573 1
468 1534 523 1585 eis

444 1609 509 1671 Illie
529 1604 618 1691 AEgeo
636 1602 897 1693 Neptunusvgiirgite
912 1610 996 1695 seffor

444 1692 479 1753 ln
491 1711 593 1771 portum
611 1694 715 1753 deducit
734 1714 830 1773 equor:
850 1692 924 1775 prior
952 1694 1042 1753 hauris
1065 1694 1184 1756 limenas

449 1773 581 1853 Ungula,
595 1775 712 1855 postremi
724 1774 865 1856 fiiluuntur
880 1776 909 1834 in
924 1796 1026 1856 equora
1044 1776 1146 1857 Pisces.

403 1864 449 1927 Ex
461 1866 561 1948 quibus
571 1882 699 1948 apparet,
712 1888 769 1928 non
783 1869 894 1952 intellip'
908 1865 1103 1947 innitentem
1119 1864 1306 1937 Dioscordit,
1320 1863 1367 1925 sed

404 1949 488 2029 longe
503 1950 595 2022 majus
611 1949 712 2009 animal
733 1970 768 2009 ex
784 1953 919 2012 cetaceis:
935 1951 1012 2031 quod
1031 1968 1124 2011 tamen
1146 1947 1369 2009 commentitium

403 2047 518 2112 putem,
541 2028 618 2089 sicuti
641 2030 770 2110 pleraque
788 2032 840 2092 alia
855 2049 991 2093 veterum.
1006 2031 1108 2091 Plinius
1130 2051 1240 2111 quoque
1258 2029 1306 2089 lib.
1320 2028 1368 2106 36,

404 2130 467 2191 cap.
491 2128 522 2192 ς,
540 2130 603 2169 cum
625 2112 677 2180 ait,
694 2111 728 2169 ln
744 2111 861 2172 inaxirna
884 2114 1038 2191 dignatione
1056 2115 1104 2174 Cn.
1128 2111 1244 2171 Domitii
1263 2110 1368 2171 delubro

403 2189 434 2247 in
448 2189 521 2251 Circo
533 2190 664 2251 Flaminio
686 2192 832 2269 Neptunus
846 2192 914 2273 ipse,
933 2193 1039 2265 Thetis,
1055 2211 1132 2273 atque
1156 2191 1296 2261 Achilles,
1310 2192 1368 2249 Ne·

404 2272 487 2330 reides
499 2315 509 2346 ,
521 2272 606 2353 supra
621 2270 773 2352 Delphinus
789 2273 817 2332 se
831 2289 881 2333 cete
892 2271 1128 2354 &Hippocampos
1139 2272 1275 2350 sedentes:
1288 2290 1369 2349 aper·

405 2373 436 2415 te
458 2352 579 2414 recenset
598 2372 647 2412 eos
670 2352 740 2410 inter
762 2366 841 2425 cete',
869 2370 916 2426 aut
935 2353 1056 2414 monstra
1080 2354 1169 2433 potius
1189 2352 1294 2411 marina
1311 2370 1319 2412 ι
1335 2369 1371 2409 ne

407 2433 470 2515 quis
488 2448 564 2517 putet
579 2430 633 2494 effe
652 2431 845 2513 innitutnntu
860 2433 1034 2495 Dioscoridis
1056 2434 1088 2495 &
1103 2431 1211 2495 Galeni.
1227 2430 1319 2511 Quod
1331 2446 1370 2494 ta·

405 2536 471 2575 men
488 2515 599 2595 quidam
617 2530 751 2596 putarunt.
763 2515 805 2575 At
820 2536 871 2575 nos
890 2516 1011 2575 vidimus
1028 2514 1102 2595 apud
1123 2532 1229 2595 patrem
1245 2510 1370 2574 nostrum

408 2598 543 2658 ouenetbt
570 2594 747 2677 hippocampi
769 2595 923 2656 admodum
944 2595 1116 2679 elegantem:
1133 2614 1223 2676 neque
1241 2594 1264 2654 is
1290 2614 1389 2676 erice.

407 2680 492 2739 debat
503 2677 658 2738 triennalem
679 2676 917 2759 magnitudinem,
932 2698 996 2738 cum
1012 2678 1050 2739 ad
1061 2676 1251 2739 dodrantalem
1270 2694 1370 2758 perve-

383 2762 468 2839 ··nire
486 2760 571 2821 velint
589 2760 710 2839 quidam.
728 2760 861 2821 Setun.

449 2862 495 2925 lin.
514 2880 549 2943 25
564 2860 604 2944 sq.
623 2866 664 2925 Ut
678 2864 881 2944 Querquednla,
895 2865 1030 2945 canem]
1042 2862 1074 2924 ln
1087 2864 1217 2925 Varrone
1227 2861 1328 2944 (nam,
1339 2872 1372 2917 ut

407 2942 571 3005 instituimus
594 2946 627 3007 &
649 2946 787 3025 ecepimus
796 2951 815 3020 ,1
831 2966 895 3006 eum
921 2949 1122 3027 pervolitamus
1153 2947 1261 3022 potius,
1286 2958 1371 3019 quam

409 3026 617 3109 pervolutamus
626 3027 641 3102 l
661 3030 688 3087 in
703 3027 832 3087 Varrone
854 3027 937 3106 igitur
954 3046 1019 3086 cum
1038 3023 1232 3093 inscribitur,
1248 3023 1276 3077 in
1298 3019 1371 3078 libris

407 3128 466 3168 non
486 3104 573 3187 prelo,
587 3106 634 3167 scd
652 3110 733 3171 manu
746 3106 851 3186 scriptis
860 3108 965 3186 reperio
981 3105 1081 3184 (quod
1092 3124 1143 3183 pro
1151 3120 1217 3162 meo
1232 3119 1290 3159 non
1303 3118 1374 3159 ven·

408 3187 487 3261 dito,
506 3205 557 3247 nec
570 3188 672 3268 alioqui
687 3186 820 3259 ostento)
836 3186 935 3246 ceteris.
951 3184 998 3266 Ell
1016 3182 1121 3244 Graecis
1135 3185 1196 3242 avis
1210 3176 1372 3262 ennensi

314 3299 316 3303 ·
408 3268 442 3327 ὃ(
456 3266 655 3344 aspernantis,
667 3266 730 3349 ¹quae
744 3288 779 3325 an
797 3264 833 3324 ad
854 3266 924 3324 lianc
944 3267 1115 3324 notationem
1139 3264 1308 3341 pertineant,
1321 3282 1373 3340 po·

408 3350 465 3407 tius
485 3346 599 3407 aliorum
626 3349 778 3427 prudentiae
805 3346 1039 3416 committendum
1059 3344 1172 3425 putavi,
1196 3361 1282 3423 quam
1301 3361 1371 3403 meae

1381 1933 1399 1973 Χ

409 3427 555 3489 temeritati
569 3427 712 3491 arbitrium
725 3428 913 3507 judiciumque
929 3426 1123 3567 atropandum.
1136 3424 1290 3487 Tunnica.
1302 3421 1372 3482 lllud

409 3506 565 3589 utputuple,
572 3510 695 3650 d(panda
710 3510 816 3571 duabus
831 3506 924 3569 caudis
940 3528 995 3567 con
1006 3507 1097 3567 esium
1112 3503 1168 3581 esl,
1183 3522 1310 3587 putamus
1326 3505 1374 3564 ad-

360 3602 362 3607 ’
410 3590 558 3651 ulterinum
611 3612 646 3665 c,
663 3593 695 3652 dc
717 3608 821 3651 temere
836 3589 865 3647 in
885 3588 1000 3649 alienam
1018 3584 1208 3668 possessionem
1229 3584 1373 3665 irrepsisse.

411 3673 520 3733 videtur
536 3670 611 3730 enim
625 3674 715 3752 potius
732 3670 915 3753 ttptubuunlt
929 3662 1199 3750 reponendumelle.
1217 3668 1286 3729 lllud
1298 3670 1397 3728 enim·

410 3752 522 3834 {prodiit
536 3767 645 3815 veteres
663 3754 833 3836 grammatici
847 3754 1067 3832 interpretantur:
1086 3751 1214 3831 quamvis
1229 3745 1373 3810 discrimen

411 3836 465 3896 elle
481 3837 537 3897 scio
548 3836 617 3897 inter
633 3833 847 3917 querquedulam
867 3832 898 3893 &
918 3832 1052 3893 etodium.
1069 3828 1153 3893 Certe
1175 3831 1387 3908 ltaecaliquan·x

412 3918 451 3975 do
474 3916 646 3977 confundunt
669 3917 735 3977 boni
759 3913 891 3976 auclotes.
921 3911 997 3973 Nam
1022 3933 1087 3973 cum
1114 3914 1246 3972 attribuat
1268 3910 1372 3969 Aratus
1477 3910 1488 3924 '

407 3995 518 4080 'iperiani
537 3998 746 4082 npoptoenult
768 3995 892 4079 pluviae,
911 3994 1046 4078 Virgiliis
1071 3995 1138 4057 item
1154 3992 1228 4055 illam
1247 3988 1373 4052 Ardeam

950 4181 981 4254 s
