3209 4967
401 514 509 583 ·t62
775 508 1200 613 ΝΟιΤιἘΗ

355 726 357 730 ,
437 672 529 748 urique
547 689 578 727 ea
602 666 736 746 retiiffitme
752 668 829 749 senfi.
848 667 918 728 Haec
941 666 1004 729 sane
1022 688 1078 729 non
1098 667 1234 729 deteriora
1257 668 1317 729 sunt
1334 668 1401 731 alio-

436 770 500 809 rum
516 750 699 824 commentis,
714 748 814 831 quibus
828 748 924 810 miiere
940 750 1014 809 hune
1032 750 1123 809 locum
1138 749 1282 810 foednrunt.
1306 750 1401 812 Ratio-

437 850 488 891 nes
510 849 603 892 autem
628 852 696 890 mox
716 830 862 891 reddendae
883 830 953 892 sunt.
976 828 1108 893 Senatu.
1133 830 1209 893 ldem
1228 834 1256 891 in
1279 837 1401 915 margine

434 931 488 993 pto
506 913 564 973 item
580 912 690 971 exhibet
705 911 755 972 ita.
821 946 824 955 ·

478 992 523 1055 lin.
543 1012 590 1072 ας.
607 991 725 1073 Teflrque
743 1010 811 1051 nuta
827 990 939 1075 fitium]
959 990 1047 1074 Vulg.
1066 991 1189 1073 Tescaque
1205 1016 1242 1054 me
1260 995 1301 1054 ita
1312 993 1402 1072 strato.

435 1064 523 1133 Error
544 1074 642 1145 fluxit,
664 1073 775 1153 quodd
797 1091 936 1134 mutarunt
958 1076 984 1134 in
1009 1097 1034 1151 q.
1058 1072 1120 1134 Nos
1145 1076 1269 1135 durem.
1286 1074 1329 1136 lta
1346 1097 1403 1135 vo·

437 1156 557 1227 cabant,
571 1174 634 1240 quae
652 1176 725 1236 nunc
739 1155 873 1215 dumeta:
894 1154 989 1215 auilor
1009 1153 1111 1215 Fellus.
1127 1154 1203 1231 Prius
1223 1158 1295 1216 enim
1314 1155 1400 1217 suerat

435 1236 590 1308 dumiceta‚
607 1234 669 1315 post
685 1236 833 1301 dumella:
849 1257 879 1307 ut
895 1236 1017 1307 salicem,
1032 1235 1130 1299 satitta.
1144 1234 1292 1297 Constituit
1308 1254 1401 1297 autem

436 1316 507 1378 lines
523 1317 620 1399 templi
633 1312 671 1375 sui
689 1317 813 1391 dumeta,
829 1318 923 1397 qui&
936 1316 1071 1397 Vespices
1087 1319 1268 1379 vocabantur.
1281 1316 1401 1399 Templi,

435 1398 539 1477 inquit,
556 1399 612 1457 mel
629 1396 699 1459 fines
712 1397 793 1459 -sunto
811 1398 883 1459 tesca
904 1400 1030 1471 dumeta,
1048 1398 1142 1479 quoad
1163 1419 1217 1480 ego
1229 1421 1278 1459 eos
1295 1420 1401 1459 nuncu-

434 1498 552 1559 pavero.
564 1477 612 1537 Est
627 1480 704 1540 enim
719 1480 887 1555 adjellivum
907 1479 1000 1553 testa,
1016 1496 1040 1538 ut
1058 1501 1125 1539 mox
1142 1483 1302 1559 aperiemus.
1321 1478 1402 1541 Sca·

431 1574 503 1619 ue.
532 1561 578 1639 qui
608 1577 701 1619 tamen
729 1559 826 1639 postea
850 1562 1008 1621 sententiam
1038 1560 1113 1619 suam
1136 1563 1264 1623 mutavit,
1288 1560 1319 1621 ln
1343 1561 1371 1619 A

436 1640 556 1719 pendice
577 1643 650 1701 enim
672 1642 707 1701 ad
726 1641 916 1716 conjettanea
938 1643 986 1701 sua
1006 1644 1112 1721 inquit:
1133 1640 1198 1703 Sine
1219 1643 1273 1702 ulla
1294 1583 1402 1721 protili

437 1716 607 1785 dubitatione
632 1724 677 1782 hic
699 1724 844 1805 legendum
869 1723 929 1796 est,
961 1725 1066 1803 Templa
1095 1723 1210 1805 tescnque
1235 1725 1317 1783 incita
1332 1726 1403 1804 stm-

435 1820 480 1877 tt,
500 1807 589 1884 quoad
608 1825 654 1885 ego
673 1806 738 1884 caste
757 1805 851 1885 lingua
873 1826 1064 1887 nuncupavere.
1087 1801 1163 1865 Nam
1184 1826 1230 1873 ex,
1240 1804 1282 1863 his
1307 1826 1402 1865 corru-

341 1889 345 1907 ‘
433 1900 506 1964 ptis,
531 1906 569 1943 me
592 1904 651 1961 rra,
675 1888 784 1969 egregie
811 1888 895 1946 incita
917 1888 1037 1967 corrigi,
1058 1886 1117 1967 quis
1144 1906 1206 1949 non.
1220 1884 1320 1949 uidet?
1351 1888 1402 1945 Te·

414 2005 419 2018 ·
429 1968 499 2046 sca,
524 1965 578 2028 seuv
595 1965 725 2044 templa,
747 1968 812 2029 sunt
835 1984 964 2048 promota
991 1966 1075 2047 usque
1100 1965 1135 2025 ad
1163 1966 1226 2027 suos
1251 1966 1342 2040 fines,
1360 1962 1402 2027 ita

435 2065 467 2109 ut
494 2046 605 2105 ulterius
630 2049 792 2125 promoveri
807 2070 864 2109 non
882 2048 990 2129 poffint.
1014 2048 1132 2128 Antiqui
1157 2048 1230 2107 enim
1249 2046 1334 2122 fines,
1357 2046 1405 2109 seu

435 2129 588 2200 terminos,
615 2148 686 2205 quos
714 2130 832 2208 amplius
854 2150 1019 2209 promovere
1036 2149 1094 2189 non
1115 2127 1176 2203 eli,
1200 2130 1294 2187 incitos
1311 2149 1405 2189 voca·

434 2207 512 2273 bant.
532 2206 567 2267 Et
584 2211 678 2285 quiet)
698 2209 797 2269 tedaili
816 2228 908 2281 erant,
932 2229 962 2271 ut
982 2208 1085 2270 nullutn
1106 2228 1210 2269 certum
1232 2230 1323 2269 rerum
1344 2206 1406 2269 sua·

433 2308 496 2347 rum
521 2288 663 2348 consilium
686 2288 830 2370 erpellere
845 2290 967 2370 possent,
986 2290 1021 2349 ad
1043 2292 1139 2351 incitas
1158 2290 1257 2349 redalli
1274 2290 1405 2350 diceban·

436 2385 491 2428 tur.
513 2369 575 2429 Ubi
592 2370 807 2431 subaudiendum
828 2373 923 2432 lineas.
947 2372 1114 2449 Metaphota
1129 2373 1203 2433 enim
1221 2392 1238 2429 a
1255 2371 1320 2433 ludo
1335 2371 1406 2431 duo-

434 2450 529 2511 dec'im
557 2451 729 2532 scriptorum.
760 2474 826 2514 nam
850 2454 976 2519 eumad
1001 2454 1124 2513 ultimam
1149 2454 1249 2513 lineam
1281 2454 1407 2531 promoti

433 2532 640 2621 ermercuti,
657 2528 718 2593 tum
736 2535 778 2606 is,
795 2537 873 2608 cujus
891 2536 1034 2608 intererat,
1051 2534 1087 2593 ad
1107 2534 1205 2594 incitas
1223 2534 1310 2593 lineas
1326 2533 1407 2593 teda·

435 2612 513 2687 iius,
529 2614 624 2694 calculi
643 2636 713 2675 vero
728 2615 777 2695 ipsi
797 2616 872 2677 inciti
892 2616 1074 2684 dicebantur:
1093 2615 1170 2697 quod
1189 2632 1302 2675 annotat
1320 2613 1406 2675 lstdo-

433 2715 489 2755 tus,
507 2694 591 2775 Apud
601 2693 719 2757 Graecos
729 2696 783 2757 alia
793 2718 851 2757 erat
865 2697 957 2757 tabula
968 2696 1148 2757 calculorum:
1160 2697 1264 2777 quippe
1281 2699 1406 2775 quinque

428 2775 578 2848 linearum.
598 2776 693 2857 ltaque
710 2798 767 2837 non
784 2780 814 2837 in
832 2779 935 2853 ultimis
955 2778 1030 2837 lineis
1045 2795 1120 2838 erant
1140 2778 1214 2836 inciti
1229 2776 1341 2847 calculi,
1357 2775 1405 2835 sed

434 2856 465 2914 in
481 2858 588 2918 median*
603 2856 701 2934 Quare
718 2879 783 2919 curn
798 2860 924 2921 alteruter
940 2880 974 2920 ert
991 2858 1125 2919 lusoribus
1141 2860 1167 2917 in
1177 2860 1285 2917 incitam
1304 2858 1407 2916 lineam

434 2956 600 3020 cogeretur,
627 2957 690 3001 tunc
712 2940 847 3001 mouebat
868 2941 1002 3000 calculum
1024 2942 1059 2999 ab
1079 2940 1177 3000 eadem
1196 2938 1288 2999 media
1314 2938 1407 3011 linea,

433 3019 490 3083 hoc
507 3019 595 3081 ditio:
613 3019 679 3082 arrei
696 3026 744 3083 τὴν
759 3022 806 3097 ἀφ’·
823 3020 913 3104 lepris:
936 3041 1000 3082 nam
1018 3022 1087 3081 linea
1103 3020 1148 3080 illa
1167 3020 1318 3079 vocabatur
1334 3016 1407 3097 tert.

432 3097 543 3164 Plautus
559 3099 714 3174 Poettuloz,
795 3121 799 3132 “

620 3182 846 3243 ——tacitus
865 3186 921 3240 tace'
942 3184 1025 3240 moder.
1249 3238 1252 3247 ,

479 3259 597 3337 Profetio
611 3267 649 3319 ud
670 3263 765 3321 incitas
786 3262 901 3321 lenonem
918 3262 1028 3341 rediget,
1044 3261 1126 3340 fieat
1144 3260 1293 3322 abduxerit.

478 3342 553 3417 Quin
568 3342 645 3421 ptius
665 3342 815 3423 disperibit,
831 3341 924 3421 flexu,
945 3366 1022 3421 quom
1043 3362 1124 3401 urtam
1143 3342 1238 3406 calcent
1265 3341 1366 3401 civerit.

436 3416 519 3481 Cave
535 3422 629 3479 calcem
650 3422 696 3483 hic
718 3442 771 3500 pro
796 3443 830 3483 ea
847 3439 923 3502 parte
949 3422 1025 3503 pedis
1048 3424 1185 3503 accipias,
1205 3442 1289 3503 quarn
1311 3420 1409 3483 Graeei

436 3499 561 3582 πτέρναν
581 3508 694 3562 vocant.
713 3503 807 3563 calcem
831 3506 904 3563 enim
924 3520 1008 3564 vocat
1026 3505 1069 3563 hic
1086 3505 1236 3577 calculum,
1253 3497 1408 3585 alluditque

355 3617 376 3659 ῃ
435 3582 473 3645 ad
487 3582 684 3660 proverbium,
698 3585 773 3662 quod
792 3584 943 3663 usurpavit.
961 3584 996 3645 Et
1010 3587 1045 3644 ita
1068 3584 1199 3645 Lucilius:
1220 3601 1223 3603 ’

477 3665 674 3726 Naumactiam
691 3664 750 3725 licet
765 3667 839 3740 tac,
854 3670 977 3747 inquam,
996 3667 1174 3747 uinculumque
1180 3683 1292 3747 putare,
1314 3668 1342 3728 te

478 3745 706 3807 calcea-¹·—
1038 3756 1040 3759 ¹

435 3823 515 3887 Nam
527 3826 615 3887 calces
631 3828 674 3887 hic
692 3826 802 3902 calculi,
819 3826 971 3891 manifesto.
987 3826 1102 3900 Festus,
1121 3826 1210 3891 calces
1233 3829 1340 3908 inquit,
1359 3829 1412 3909 qui

432 3929 483 3988 per
497 3909 692 3968 deminutionem
701 3917 831 3971 uocantur
846 3911 953 3971 calculi.
969 3910 1058 3971 Vides
1072 3930 1156 3992 ergo,
1171 3910 1315 3989 quomodo
1325 3910 1412 3971 Plau-

381 3993 384 4004 '
437 4004 481 4053 tus
503 3990 599 4057 dixerit
616 3992 681 4053 ciere
699 3991 800 4070 calces,
831 3990 911 4059 κινεῖν
934 3989 1267 4059 tabernariorum
1295 3991 1343 4057 hie
1361 3992 1412 4057 lo-
