3209 4967
449 508 518 605 380
786 507 1078 581 NOTAE

486 669 654 747 Scalprentm
666 668 848 750 fimipunque
865 670 953 729 millia
972 668 1081 751 viginti.

446 750 483 811 Et
505 752 589 829 paulo
614 750 694 831 post:
707 753 764 830 Qui
778 756 824 810 vis
841 750 991 831 fitrcipt'bus
1016 755 1107 809 dentes
1132 750 1232 811 vellere.
1252 747 1339 810 Inter
1356 768 1422 831 quae

446 827 553 892 Paullus
570 830 597 905 J.
622 830 659 895 C.
682 836 765 893 etiam
786 834 865 913 ponit
886 834 1021 915 collyria,
1041 830 1204 911 emplastra,
1224 830 1419 893 ferramenta:

446 915 509 993 quia
532 912 618 987 olim,
638 934 671 973 ut
691 913 763 987 dixi,
783 915 884 980 medici
901 915 985 975 iidem
1010 913 1136 994 chirurgi
1156 910 1262 972 Gellius
1288 913 1340 972 lib.
1362 930 1419 971 12:

450 994 515 1051 Cum
537 995 648 1054 vulnera
668 993 725 1075 ejus
743 1019 761 1055 a
775 997 881 1064 aedicit
904 995 1106 1074 exsecabantur,
1121 994 1202 1051 ridete
1220 993 1329 1072 saluus
1347 996 1416 1073 fuit.

447 1073 620 1154 Lampridius
631 1078 659 1135 in
675 1074 854 1156 Commodo:
873 1077 998 1135 Imitatus
1011 1078 1046 1157 efi
1058 1077 1085 1135 θ
1095 1074 1236 1145 meduan,
1256 1092 1290 1134 ut
1299 1073 1419 1155 sangui-

445 1176 502 1214 nem
512 1159 619 1217 mitteret
632 1156 747 1238 scalptis
758 1157 900 1235 feralibus.
1351 1229 1354 1235 .

486 1239 588 1317 Nempe
599 1246 673 1319 tun]
696 1238 742 1297 An
760 1239 923 1320 legendum,
939 1259 1028 1317 nempe
1049 1238 1127 1295 duo?
1147 1251 1178 1296 ut
1192 1234 1353 1315 consequar
1370 1234 1415 1292 illa

444 1315 503 1376 duo
523 1317 642 1393 scilicet,
665 1334 694 1377 ut
713 1320 808 1378 bibam
832 1338 943 1378 amatas
957 1320 990 1379 dt
1008 1317 1134 1377 insuaves
1151 1319 1297 1395 potiones,
1318 1318 1353 1376 dt
1372 1316 1417 1375 vi·

446 1418 490 1457 res
508 1400 633 1478 corporis
654 1401 820 1461 deminuam.
845 1399 901 1461 Sed
917 1399 954 1459 de
971 1399 1120 1480 absynthio
1143 1399 1220 1457 aliter
1240 1396 1351 1471 Plinius
1367 1396 1416 1455 lib.

447 1498 501 1555 27:
523 1480 674 1541 Latinorum
685 1480 764 1560 seriis
785 1482 918 1563 quadriga
934 1497 1036 1539 tenant
1055 1481 1086 1537 iet
1103 1479 1258 1557 Capitolio,
1282 1482 1415 1557 viliorque

445 1561 613 1640 absynthium
629 1562 711 1621 bibit:
730 1564 806 1622 credo
816 1564 961 1645 satiatem
978 1562 1086 1642 premio
1100 1560 1160 1619 dari
1173 1560 1320 1637 bononfice
1337 1557 1415 1623 arbi-,

445 1642 526 1698 tratis
541 1641 694 1722 majoribus.
852 1659 861 1674 s
1402 1694 1406 1698 .

490 1724 560 1803 Cape
583 1725 659 1787 banc·
674 1723 832 1805 caducam]
859 1723 965 1784 l’raebet
989 1739 1097 1806 egroto
1120 1722 1222 1785 vinum
1241 1722 1275 1782 &
1299 1718 1413 1801 quidem

446 1801 578 1879 dilutum,
594 1804 626 1865 dt
649 1808 765 1865 mixtum
791 1825 863 1885 aqua
883 1804 1006 1865 fontana.
1032 1807 1163 1865 caueam
1189 1803 1280 1863 Liberi
1297 1806 1410 1881 dapem,

447 1901 479 1941 ut
497 1884 577 1958 alibi,
593 1886 746 1946 [ὕαιναι
760 1885 848 1967 legens
862 1888 963 1947 caduca
985 1886 1076 1945 vibius.

486 1967 562 2023 Nido
587 1968 699 2046 potili]
725 1964 817 2027 Nidus
841 1968 950 2047 potilis,
979 1968 1086 2047 poetice
1113 1963 1213 2024 dicitur
1247 1963 1411 2045 poculum,

444 2045 520 2123 quast
533 2046 718 2107 mansiuncula
731 2052 763 2109 ἃ
777 2048 990 2108 loculamentum
1008 2064 1099 2127 potus.

483 2129 537 2185 Art
555 2128 603 2183 boc
615 2130 754 2209 prestat]
768 2129 817 2189 An
830 2129 885 2187 hoc
904 2145 931 2189 te
951 2127 1053 2202 jadias,
1072 2126 1199 2199 medice,
1211 2128 1302 2208 inquit
1313 2172 1324 2200 ,
1334 2122 1409 2206 quod

445 2221 461 2264 e
480 2222 577 2265 ventre
598 2206 748 2288 hydropici
777 2229 879 2289 aquam
897 2208 1029 2268 emittis?
1050 2208 1105 2269 Sed
1125 2208 1178 2267 lrac
1196 2230 1226 2267 re
1242 2210 1366 2268 multum
1383 2222 1410 2263 te

444 2284 1408 2449 iiiiii?³¹⁶i{1q”ii‘¹it²i‘“e'iiiiii'iiiffiii'iiiii

446 2448 541 2509 audior
562 2416 703 2513 Glollatii.
719 2416 746 2510 in
779 2473 815 2511 ua
830 2391 1101 2534 fiiniiiittoneiioc
1122 2410 1342 2510 vertio’uruntur
1358 2447 1407 2507 Pli-

447 2530 506 2588 nius
517 2532 548 2591 &
558 2530 729 2592 Callistratus
750 2532 761 2595 l
789 2576 797 2593 .
814 2531 997 2613 Quamquam
1014 2531 1135 2592 Varrom
1151 2529 1288 2602 lottaffis,
1300 2545 1331 2589 ut
1344 2526 1405 2587 Sca·

443 2610 531 2691 ligero
557 2611 682 2688 videtur,
702 2613 810 2674 Tuscus
835 2614 943 2696 aquilei
966 2614 1066 2672 dicitur
1084 2615 1128 2685 is,
1144 2614 1191 2693 qui
1213 2610 1406 2671 sacrificiorum

443 2690 529 2753 &rei
545 2692 646 2755 divinae
658 2698 868 2774 procuratione,
884 2714 1001 2775 quatum
1014 2714 1107 2753 rerum
1124 2694 1203 2774 periti
1217 2690 1305 2753 Tusci
1321 2705 1402 2760 erant,

445 2792 531 2853 aquas
545 2773 654 2852 pluvias
671 2776 807 2837 eliciebat.
827 2776 850 2836 F
852 2775 940 2836 estus:
953 2774 1118 2856 Aquilicittm
1136 2774 1249 2847 dieitur,
1260 2794 1320 2835 cunt
1335 2790 1402 2851 aqua

442 2852 575 2931 pluvialis
592 2856 710 2917 remediis
722 2859 874 2939 quibusdam
893 2856 997 2917 elicitur
1011 2858 1069 2917 dic.

487 2934 526 2992 Tu
543 2934 637 2995 Pbaedi
661 2946 791 3018 contrat]
813 2936 937 2997 Notatur
954 2937 1078 2998 medicus
1098 2933 1225 2995 sordidus
1244 2934 1278 2995 δι
1295 2944 1407 3016 egenus-¹

443 3011 529 3076 Porro
544 3016 656 3079 Nonius
666 3018 815 3092 observat,
831 3021 990 3078 Varronem
1010 3019 1057 3078 hic
1073 3016 1224 3077 masculino
1243 3036 1343 3097 genere
1359 3011 1399 3071 di·

443 3094 508 3155 xille
524 3095 671 3163 Turdum:
687 3118 749 3183 quae
765 3120 824 3159 vox
845 3120 910 3158 cum
928 3100 983 3159 hoc
999 3099 1068 3159 toto'
1079 3099 1235 3179 fragmento
1252 3118 1310 3157 non
1326 3098 1399 3154 inve·

442 3176 534 3237 niatur
545 3226 555 3250 ,
568 3180 676 3261 Lipsius
692 3184 811 3243 tentavit
821 3202 884 3240 eam
901 3198 1048 3260 reponere,
1064 3181 1155 3239 verbis
1172 3178 1313 3259 paululum
1324 3175 1400 3248 traje-

443 3255 507 3317 tiis:
523 3259 596 3339 Ejus
609 3264 687 3343 ptius
703 3266 805 3322 turdum
822 3284 900 3340 quam
913 3261 1004 3320 αἱνωι
1012 3260 1150 3337 subdttcete
1171 3261 1257 3321 malis.
1272 3261 1323 3319 hac
1343 3254 1404 3315 sen,

442 3341 527 3397 tentia
540 3360 547 3400 :
562 3340 637 3401 Cum
657 3344 736 3406 vides
753 3361 887 3424 aegrotum
907 3342 1029 3401 eburneo
1051 3340 1122 3401 ledo
1138 3344 1168 3400 dt
1185 3360 1324 3421 purpureo
1339 3353 1396 3395 toro

442 3414 595 3496 jacentem,
618 3421 734 3502 insolens
751 3426 818 3483 tanti
840 3440 1007 3503 apparatus,
1027 3422 1093 3481 nihil
1116 3423 1200 3481 audes
1226 3416 1399 3481 contraillius

444 3496 602 3561 sententiam
623 3502 730 3580 dicere,
746 3505 776 3565 &
795 3505 883 3565 homo
900 3503 1042 3563 famelicus
1060 3505 1152 3562 mavis
1171 3503 1299 3572 turdum,
1321 3513 1397 3589 quem
1424 3565 1428 3573 ,

393 3688 394 3693 ψ
441 3576 595 3726 attilii
610 3584 1397 3729 idm‘ututuunfuziultulgi:

441 3743 610 3825 aliassaepe,
624 3684 807 3829 scripstlieque
821 3746 997 3820 Varronem,
1013 3747 1086 3825 Ejus
1096 3748 1171 3825 prius
1188 3745 1312 3823 alpium,
1325 3754 1394 3833 quatu

442 3826 516 3902 tylen
520 3832 661 3906 Jibducere
670 3830 749 3889 malis
759 3851 772 3901 ;
783 3828 811 3886 id
826 3825 883 3901 est,
900 3826 996 3887 Potius
1004 3830 1084 3908 cupis
1094 3844 1151 3885 arte
1168 3824 1276 3884 medica
1289 3821 1394 3897 vitiligi-

325 3978 329 3984 ,
350 3939 352 3949 ·
441 3924 507 3963 nem
518 3908 611 3969 tollere
623 3912 763 3991 etoipore
775 3910 856 3984 hujus
869 3907 965 3969 divitis
975 3910 1081 3989 aegroti,
1096 3928 1179 3987 quam
1190 3905 1318 3966 manibus
1327 3903 1390 3962 leva-

442 4002 482 4059 re,
492 3989 537 4049 vel
553 3989 657 4054 auferre
668 3990 782 4075 operosa
792 3992 823 4053 &
833 3989 973 4073 splendida
988 3990 1031 4051 illa
1045 3988 1163 4145 littpgula
1173 3988 1288 4074 ,quibus
1305 3979 1389 4045 instra·
