<?xml version="1.0" encoding="UTF-8"?>
<!DOCTYPE html PUBLIC "-//W3C//DTD XHTML 1.0 Transitional//EN"
    "http://www.w3.org/TR/xhtml1/DTD/xhtml1-transitional.dtd">
<html xmlns="http://www.w3.org/1999/xhtml" xml:lang="en" lang="en">
 <head>
  <title>
</title>
<meta http-equiv="Content-Type" content="text/html;charset=utf-8" />
  <meta name='ocr-system' content='tesseract 3.04.00' />
  <meta name='ocr-capabilities' content='ocr_page ocr_carea ocr_par ocr_line ocrx_word'/>
</head>
<body>
  <div class='ocr_page' id='page_1' title='image "./mtervarronisdel00turngoog_0047.png"; bbox 0 0 3209 4967; ppageno 0'>
   <div class='ocr_carea' id='block_1_1' title="bbox 411 402 1056 574">
    <p class='ocr_par' dir='ltr' id='par_1_1' title="bbox 411 402 1056 574">
     <span class='ocr_line' id='line_1_1' title="bbox 411 402 1056 574; baseline -0.014 -35"><span class='ocrx_word' id='word_1_1' title='bbox 411 468 457 559; x_wconf 81' lang='lat'>46</span> <span class='ocrx_word' id='word_1_2' title='bbox 663 402 1056 574; x_wconf 24' lang='lat' dir='ltr'>‘Noun&#39;</span> 
     </span>
    </p>
   </div>
   <div class='ocr_carea' id='block_1_2' title="bbox 410 616 1374 1005">
    <p class='ocr_par' dir='ltr' id='par_1_2' title="bbox 410 616 1374 1005">
     <span class='ocr_line' id='line_1_2' title="bbox 449 616 1271 701; baseline -0.01 -13"><span class='ocrx_word' id='word_1_3' title='bbox 449 622 635 701; x_wconf 67' lang='grc' dir='ltr'><strong><em>Ἀντέητςος</em></strong></span> <span class='ocrx_word' id='word_1_4' title='bbox 652 619 770 682; x_wconf 78' lang='grc' dir='ltr'><strong><em>Πείσωνι</em></strong></span> <span class='ocrx_word' id='word_1_5' title='bbox 789 618 868 698; x_wconf 62' lang='grc' dir='ltr'><strong><em>φέρει</em></strong></span> <span class='ocrx_word' id='word_1_6' title='bbox 885 619 984 701; x_wconf 60' lang='lat' dir='ltr'>piget.</span> <span class='ocrx_word' id='word_1_7' title='bbox 1001 620 1030 681; x_wconf 79' lang='lat' dir='ltr'>lu</span> <span class='ocrx_word' id='word_1_8' title='bbox 1049 616 1087 679; x_wconf 69' lang='lat' dir='ltr'>all</span> <span class='ocrx_word' id='word_1_9' title='bbox 1097 620 1133 696; x_wconf 81' lang='grc' dir='ltr'>μ’</span> <span class='ocrx_word' id='word_1_10' title='bbox 1149 618 1271 697; x_wconf 60' lang='grc' dir='ltr'>ἀνάψεις</span> 
     </span>
     <span class='ocr_line' id='line_1_3' title="bbox 492 700 1088 782; baseline -0.008 -17"><span class='ocrx_word' id='word_1_11' title='bbox 492 702 634 781; x_wconf 63' lang='lat' dir='ltr'>edium,</span> <span class='ocrx_word' id='word_1_12' title='bbox 649 700 764 779; x_wconf 63' lang='lat' dir='ltr'>blundo&gt;</span> <span class='ocrx_word' id='word_1_13' title='bbox 780 701 900 782; x_wconf 72' lang='grc' dir='ltr'><em>φέγγος</em></span> <span class='ocrx_word' id='word_1_14' title='bbox 913 700 1088 763; x_wconf 59' lang='lat' dir='ltr'>buvalum.</span> 
     </span>
     <span class='ocr_line' id='line_1_4' title="bbox 411 779 1374 864; baseline -0.004 -16"><span class='ocrx_word' id='word_1_15' title='bbox 411 784 489 849; x_wconf 89' lang='lat' dir='ltr'>Nam</span> <span class='ocrx_word' id='word_1_16' title='bbox 509 787 637 861; x_wconf 69' lang='grc' dir='ltr'><em>λαμπὰς</em></span> <span class='ocrx_word' id='word_1_17' title='bbox 657 782 816 864; x_wconf 64' lang='grc' dir='ltr'><em>κηροχίτων</em></span> <span class='ocrx_word' id='word_1_18' title='bbox 834 780 874 844; x_wconf 79' lang='lat' dir='ltr'>eli</span> <span class='ocrx_word' id='word_1_19' title='bbox 895 802 997 843; x_wconf 85' lang='lat' dir='ltr'>cereus.</span> <span class='ocrx_word' id='word_1_20' title='bbox 1020 782 1115 860; x_wconf 66' lang='grc' dir='ltr'><strong><em>Κρόνου</em></strong></span> <span class='ocrx_word' id='word_1_21' title='bbox 1132 780 1198 841; x_wconf 88' lang='lat' dir='ltr'>dicit</span> <span class='ocrx_word' id='word_1_22' title='bbox 1215 779 1289 857; x_wconf 86' lang='lat' dir='ltr'>elle,</span> <span class='ocrx_word' id='word_1_23' title='bbox 1309 783 1374 863; x_wconf 86' lang='lat' dir='ltr'>quia</span> 
     </span>
     <span class='ocr_line' id='line_1_5' title="bbox 410 862 1373 1005; baseline -0.003 -77"><span class='ocrx_word' id='word_1_24' title='bbox 410 867 597 928; x_wconf 81' lang='lat' dir='ltr'>Saturnalibus</span> <span class='ocrx_word' id='word_1_25' title='bbox 623 866 791 925; x_wconf 83' lang='lat' dir='ltr'>mittebatur.</span> <span class='ocrx_word' id='word_1_26' title='bbox 815 862 928 925; x_wconf 84' lang='lat' dir='ltr'>Deinde</span> <span class='ocrx_word' id='word_1_27' title='bbox 944 864 1034 945; x_wconf 57' lang='grc' dir='ltr'>γέρας</span> <span class='ocrx_word' id='word_1_28' title='bbox 1048 881 1149 935; x_wconf 89' lang='lat' dir='ltr'>vocat,</span> <span class='ocrx_word' id='word_1_29' title='bbox 1160 863 1237 1005; x_wconf 64' lang='lat' dir='ltr'>cpuod</span> <span class='ocrx_word' id='word_1_30' title='bbox 1254 864 1373 925; x_wconf 84' lang='lat' dir='ltr'>honora·</span> 
     </span>
    </p>
   </div>
   <div class='ocr_carea' id='block_1_3' title="bbox 320 942 1372 4033">
    <p class='ocr_par' dir='ltr' id='par_1_3' title="bbox 320 942 1372 1760">
     <span class='ocr_line' id='line_1_6' title="bbox 410 942 1372 1025; baseline -0.001 -17"><span class='ocrx_word' id='word_1_31' title='bbox 410 951 480 1008; x_wconf 87' lang='lat' dir='ltr'>rium</span> <span class='ocrx_word' id='word_1_32' title='bbox 496 944 580 1007; x_wconf 87' lang='lat' dir='ltr'>cliens</span> <span class='ocrx_word' id='word_1_33' title='bbox 597 946 714 1006; x_wconf 84' lang='lat' dir='ltr'>debebat</span> <span class='ocrx_word' id='word_1_34' title='bbox 731 960 860 1025; x_wconf 74' lang='lat' dir='ltr'>patrono.</span> <span class='ocrx_word' id='word_1_35' title='bbox 880 943 972 1022; x_wconf 85' lang='lat' dir='ltr'>Quod</span> <span class='ocrx_word' id='word_1_36' title='bbox 988 944 1080 1016; x_wconf 80' lang='lat' dir='ltr'>addit,</span> <span class='ocrx_word' id='word_1_37' title='bbox 1103 942 1172 1005; x_wconf 64' lang='lat' dir='ltr'>ltu</span> <span class='ocrx_word' id='word_1_38' title='bbox 1201 944 1235 1020; x_wconf 85' lang='grc' dir='ltr'>μ’</span> <span class='ocrx_word' id='word_1_39' title='bbox 1248 944 1372 1021; x_wconf 54' lang='lat' dir='ltr'>&amp;rudet</span> 
     </span>
     <span class='ocr_line' id='line_1_7' title="bbox 408 1024 1370 1110; baseline -0.003 -20"><span class='ocrx_word' id='word_1_40' title='bbox 408 1028 546 1110; x_wconf 73' lang='grc' dir='ltr'>εὔξηται,</span> <span class='ocrx_word' id='word_1_41' title='bbox 563 1028 619 1087; x_wconf 91' lang='lat' dir='ltr'>hoc</span> <span class='ocrx_word' id='word_1_42' title='bbox 641 1028 782 1088; x_wconf 79' lang='lat' dir='ltr'>vocabant</span> <span class='ocrx_word' id='word_1_43' title='bbox 807 1028 901 1085; x_wconf 80' lang='lat' dir='ltr'><em>Lucem</em></span> <span class='ocrx_word' id='word_1_44' title='bbox 914 1025 1001 1104; x_wconf 58' lang='grc' dir='ltr'>ῥεια</span> <span class='ocrx_word' id='word_1_45' title='bbox 1023 1028 1149 1087; x_wconf 81' lang='lat' dir='ltr'>Saturno.</span> <span class='ocrx_word' id='word_1_46' title='bbox 1170 1024 1269 1086; x_wconf 87' lang='lat' dir='ltr'>Cereis</span> <span class='ocrx_word' id='word_1_47' title='bbox 1295 1029 1370 1087; x_wconf 87' lang='lat' dir='ltr'>enim</span> 
     </span>
     <span class='ocr_line' id='line_1_8' title="bbox 402 1106 1371 1193; baseline -0.002 -24"><span class='ocrx_word' id='word_1_48' title='bbox 402 1110 531 1193; x_wconf 38' lang='lat' dir='ltr'>&#39;accensis</span> <span class='ocrx_word' id='word_1_49' title='bbox 546 1110 581 1171; x_wconf 93' lang='lat' dir='ltr'>illi</span> <span class='ocrx_word' id='word_1_50' title='bbox 597 1130 691 1189; x_wconf 84' lang='lat' dir='ltr'>preces</span> <span class='ocrx_word' id='word_1_51' title='bbox 708 1108 944 1187; x_wconf 87' lang='lat' dir='ltr'>concipiebantur.</span> <span class='ocrx_word' id='word_1_52' title='bbox 964 1123 1132 1188; x_wconf 89' lang='lat' dir='ltr'>quamquam</span> <span class='ocrx_word' id='word_1_53' title='bbox 1153 1106 1250 1167; x_wconf 86' lang='lat' dir='ltr'>Paulus</span> <span class='ocrx_word' id='word_1_54' title='bbox 1265 1106 1371 1167; x_wconf 74' lang='lat' dir='ltr'>Diaco-</span> 
     </span>
     <span class='ocr_line' id='line_1_9' title="bbox 409 1187 1372 1267; baseline -0.007 -15"><span class='ocrx_word' id='word_1_55' title='bbox 409 1212 462 1252; x_wconf 87' lang='lat' dir='ltr'>nus</span> <span class='ocrx_word' id='word_1_56' title='bbox 483 1191 624 1252; x_wconf 84' lang='lat' dir='ltr'>mutilatur</span> <span class='ocrx_word' id='word_1_57' title='bbox 643 1188 714 1251; x_wconf 87' lang='lat' dir='ltr'>Festi</span> <span class='ocrx_word' id='word_1_58' title='bbox 737 1191 825 1261; x_wconf 87' lang='lat' dir='ltr'>dicit,</span> <span class='ocrx_word' id='word_1_59' title='bbox 852 1189 946 1249; x_wconf 66' lang='lat' dir='ltr'>Luem</span> <span class='ocrx_word' id='word_1_60' title='bbox 964 1190 1052 1267; x_wconf 79' lang='lat' dir='ltr'>facere</span> <span class='ocrx_word' id='word_1_61' title='bbox 1074 1192 1209 1259; x_wconf 77' lang='lat' dir='ltr'>Saturno,</span> <span class='ocrx_word' id='word_1_62' title='bbox 1227 1187 1301 1261; x_wconf 82' lang='lat' dir='ltr'>elle,</span> <span class='ocrx_word' id='word_1_63' title='bbox 1320 1210 1372 1246; x_wconf 82' lang='lat' dir='ltr'>ca·</span> 
     </span>
     <span class='ocr_line' id='line_1_10' title="bbox 403 1270 1370 1354; baseline -0.005 -21"><span class='ocrx_word' id='word_1_64' title='bbox 403 1292 457 1354; x_wconf 82' lang='lat' dir='ltr'>put</span> <span class='ocrx_word' id='word_1_65' title='bbox 475 1276 586 1353; x_wconf 83' lang='lat' dir='ltr'>detegere</span> <span class='ocrx_word' id='word_1_66' title='bbox 601 1276 727 1334; x_wconf 83' lang='lat' dir='ltr'>Saturno.</span> <span class='ocrx_word' id='word_1_67' title='bbox 741 1270 831 1347; x_wconf 89' lang='lat' dir='ltr'>Cujus</span> <span class='ocrx_word' id='word_1_68' title='bbox 844 1270 954 1352; x_wconf 90' lang='lat' dir='ltr'>quidem</span> <span class='ocrx_word' id='word_1_69' title='bbox 963 1271 1032 1329; x_wconf 87' lang='lat' dir='ltr'>ritus</span> <span class='ocrx_word' id='word_1_70' title='bbox 1043 1291 1078 1329; x_wconf 92' lang='lat' dir='ltr'>ne</span> <span class='ocrx_word' id='word_1_71' title='bbox 1094 1290 1145 1329; x_wconf 89' lang='lat' dir='ltr'>nos</span> <span class='ocrx_word' id='word_1_72' title='bbox 1153 1288 1264 1349; x_wconf 89' lang='lat' dir='ltr'>quoque</span> <span class='ocrx_word' id='word_1_73' title='bbox 1283 1272 1370 1349; x_wconf 83' lang='lat' dir='ltr'>ignari</span> 
     </span>
     <span class='ocr_line' id='line_1_11' title="bbox 407 1350 1370 1431; baseline -0.004 -16"><span class='ocrx_word' id='word_1_74' title='bbox 407 1354 520 1424; x_wconf 86' lang='lat' dir='ltr'>sumus,</span> <span class='ocrx_word' id='word_1_75' title='bbox 539 1374 604 1415; x_wconf 90' lang='lat' dir='ltr'>cum</span> <span class='ocrx_word' id='word_1_76' title='bbox 624 1352 744 1412; x_wconf 71' lang='lat' dir='ltr'>&#39;sciamus</span> <span class='ocrx_word' id='word_1_77' title='bbox 764 1356 849 1413; x_wconf 90' lang='lat' dir='ltr'>etiam</span> <span class='ocrx_word' id='word_1_78' title='bbox 868 1351 977 1413; x_wconf 82' lang='lat' dir='ltr'>causam</span> <span class='ocrx_word' id='word_1_79' title='bbox 997 1354 1058 1425; x_wconf 83' lang='lat' dir='ltr'>ejus</span> <span class='ocrx_word' id='word_1_80' title='bbox 1074 1350 1282 1431; x_wconf 80' lang='lat' dir='ltr'>superstitionis.</span> <span class='ocrx_word' id='word_1_81' title='bbox 1300 1352 1370 1411; x_wconf 77' lang='lat' dir='ltr'>ls&#39;on</span> 
     </span>
     <span class='ocr_line' id='line_1_12' title="bbox 368 1429 1369 1513; baseline -0.005 -18"><span class='ocrx_word' id='word_1_82' title='bbox 368 1476 370 1483; x_wconf 69' lang='lat'><em>,</em></span> <span class='ocrx_word' id='word_1_83' title='bbox 407 1435 565 1495; x_wconf 84' lang='lat' dir='ltr'>dubitamus</span> <span class='ocrx_word' id='word_1_84' title='bbox 588 1440 698 1503; x_wconf 76' lang='lat' dir='ltr'>tamen.</span> <span class='ocrx_word' id='word_1_85' title='bbox 714 1434 790 1513; x_wconf 90' lang='lat' dir='ltr'>quod</span> <span class='ocrx_word' id='word_1_86' title='bbox 811 1435 884 1493; x_wconf 90' lang='lat' dir='ltr'>cerei</span> <span class='ocrx_word' id='word_1_87' title='bbox 903 1432 1123 1493; x_wconf 80' lang='lat' dir='ltr'>accendebantur</span> <span class='ocrx_word' id='word_1_88' title='bbox 1146 1429 1280 1504; x_wconf 86' lang='lat' dir='ltr'>Saturno,</span> <span class='ocrx_word' id='word_1_89' title='bbox 1302 1454 1369 1509; x_wconf 84' lang='lat' dir='ltr'>pro·</span> 
     </span>
     <span class='ocr_line' id='line_1_13' title="bbox 407 1512 1369 1655; baseline -0.002 -80"><span class='ocrx_word' id='word_1_90' title='bbox 407 1532 504 1595; x_wconf 83' lang='lat' dir='ltr'>pterea</span> <span class='ocrx_word' id='word_1_91' title='bbox 525 1516 615 1597; x_wconf 89' lang='lat' dir='ltr'>potius</span> <span class='ocrx_word' id='word_1_92' title='bbox 637 1513 733 1574; x_wconf 86' lang='lat' dir='ltr'>dixille</span> <span class='ocrx_word' id='word_1_93' title='bbox 756 1534 882 1586; x_wconf 83' lang='lat' dir='ltr'>veteres,</span> <span class='ocrx_word' id='word_1_94' title='bbox 904 1512 1110 1655; x_wconf 50' lang='lat' dir='ltr'>lucemtsstpere</span> <span class='ocrx_word' id='word_1_95' title='bbox 1130 1513 1261 1584; x_wconf 75' lang='lat' dir='ltr'>Saturno,</span> <span class='ocrx_word' id='word_1_96' title='bbox 1283 1534 1369 1593; x_wconf 91' lang='lat' dir='ltr'>quam</span> 
     </span>
     <span class='ocr_line' id='line_1_14' title="bbox 406 1593 1369 1679; baseline -0.002 -24"><span class='ocrx_word' id='word_1_97' title='bbox 406 1599 473 1679; x_wconf 89' lang='lat' dir='ltr'>quia</span> <span class='ocrx_word' id='word_1_98' title='bbox 493 1612 576 1677; x_wconf 89' lang='lat' dir='ltr'>caput</span> <span class='ocrx_word' id='word_1_99' title='bbox 597 1596 761 1677; x_wconf 83' lang='lat' dir='ltr'>detegerent.</span> <span class='ocrx_word' id='word_1_100' title='bbox 776 1596 897 1673; x_wconf 82' lang='lat' dir='ltr'>Reliquis</span> <span class='ocrx_word' id='word_1_101' title='bbox 911 1598 985 1655; x_wconf 82' lang='lat' dir='ltr'>eninr</span> <span class='ocrx_word' id='word_1_102' title='bbox 1036 1595 1050 1608; x_wconf 89' lang='grc'>”</span> <span class='ocrx_word' id='word_1_103' title='bbox 1083 1593 1369 1676; x_wconf 65' lang='lat' dir='ltr'>caputsobnubebanu</span> 
     </span>
     <span class='ocr_line' id='line_1_15' title="bbox 320 1679 954 1760; baseline -0.002 -22"><span class='ocrx_word' id='word_1_104' title='bbox 320 1742 324 1753; x_wconf 40' lang='lat'><strong><em>¹</em></strong></span> <span class='ocrx_word' id='word_1_105' title='bbox 406 1700 472 1738; x_wconf 85' lang='lat' dir='ltr'>curn</span> <span class='ocrx_word' id='word_1_106' title='bbox 488 1679 677 1760; x_wconf 84' lang='lat' dir='ltr'>concipiebant</span> <span class='ocrx_word' id='word_1_107' title='bbox 691 1697 797 1757; x_wconf 83' lang='lat' dir='ltr'>preces.</span> <span class='ocrx_word' id='word_1_108' title='bbox 820 1679 954 1738; x_wconf 74' lang='lat' dir='ltr'>Senum.</span> 
     </span>
    </p>

    <p class='ocr_par' dir='ltr' id='par_1_4' title="bbox 403 1755 1367 1996">
     <span class='ocr_line' id='line_1_16' title="bbox 447 1755 1367 1839; baseline -0.001 -22"><span class='ocrx_word' id='word_1_109' title='bbox 447 1759 494 1820; x_wconf 93' lang='lat' dir='ltr'>lin.</span> <span class='ocrx_word' id='word_1_110' title='bbox 518 1779 565 1820; x_wconf 84' lang='lat' dir='ltr'>ar.</span> <span class='ocrx_word' id='word_1_111' title='bbox 581 1758 649 1819; x_wconf 79' lang='lat' dir='ltr'>Hac</span> <span class='ocrx_word' id='word_1_112' title='bbox 663 1760 731 1817; x_wconf 82' lang='lat' dir='ltr'>enim</span> <span class='ocrx_word' id='word_1_113' title='bbox 744 1759 834 1819; x_wconf 79' lang='lat' dir='ltr'>terreis</span> <span class='ocrx_word' id='word_1_114' title='bbox 849 1756 985 1839; x_wconf 64' lang='lat' dir='ltr'>gemela]</span> <span class='ocrx_word' id='word_1_115' title='bbox 1005 1756 1127 1838; x_wconf 88' lang='lat' dir='ltr'>Usurpat</span> <span class='ocrx_word' id='word_1_116' title='bbox 1143 1755 1233 1819; x_wconf 85' lang='lat' dir='ltr'>verba</span> <span class='ocrx_word' id='word_1_117' title='bbox 1249 1780 1282 1819; x_wconf 86' lang='lat' dir='ltr'>ex</span> <span class='ocrx_word' id='word_1_118' title='bbox 1299 1756 1367 1837; x_wconf 85' lang='lat' dir='ltr'>Epi-</span> 
     </span>
     <span class='ocr_line' id='line_1_17' title="bbox 405 1838 1366 1921; baseline 0.002 -22"><span class='ocrx_word' id='word_1_119' title='bbox 405 1840 520 1901; x_wconf 84' lang='lat' dir='ltr'>charmo</span> <span class='ocrx_word' id='word_1_120' title='bbox 535 1839 635 1916; x_wconf 74' lang='lat' dir='ltr'>Ennii,</span> <span class='ocrx_word' id='word_1_121' title='bbox 655 1839 727 1899; x_wconf 84' lang='lat' dir='ltr'>nulla</span> <span class='ocrx_word' id='word_1_122' title='bbox 741 1840 874 1921; x_wconf 83' lang='lat' dir='ltr'>religione</span> <span class='ocrx_word' id='word_1_123' title='bbox 885 1841 1014 1920; x_wconf 81' lang='lat' dir='ltr'>pretricae,</span> <span class='ocrx_word' id='word_1_124' title='bbox 1025 1839 1108 1921; x_wconf 82' lang='lat' dir='ltr'>legis,</span> <span class='ocrx_word' id='word_1_125' title='bbox 1127 1857 1156 1899; x_wconf 89' lang='lat' dir='ltr'>ut</span> <span class='ocrx_word' id='word_1_126' title='bbox 1174 1838 1257 1920; x_wconf 85' lang='lat' dir='ltr'>supra</span> <span class='ocrx_word' id='word_1_127' title='bbox 1274 1838 1366 1901; x_wconf 84' lang='lat' dir='ltr'>fecille</span> 
     </span>
     <span class='ocr_line' id='line_1_18' title="bbox 403 1919 1097 1996; baseline -0.001 -14"><span class='ocrx_word' id='word_1_128' title='bbox 403 1920 663 1996; x_wconf 73' lang='lat' dir='ltr'>demonstravimus.</span> <span class='ocrx_word' id='word_1_129' title='bbox 679 1920 721 1981; x_wconf 89' lang='lat' dir='ltr'>lta</span> <span class='ocrx_word' id='word_1_130' title='bbox 733 1923 807 1983; x_wconf 90' lang='lat' dir='ltr'>enim</span> <span class='ocrx_word' id='word_1_131' title='bbox 822 1921 1003 1981; x_wconf 89' lang='lat' dir='ltr'>concinnandi</span> <span class='ocrx_word' id='word_1_132' title='bbox 1019 1919 1097 1981; x_wconf 90' lang='lat' dir='ltr'>sunt:</span> 
     </span>
    </p>

    <p class='ocr_par' dir='ltr' id='par_1_5' title="bbox 376 2000 1305 2165">
     <span class='ocr_line' id='line_1_19' title="bbox 447 2000 1233 2084; baseline 0.001 -23"><span class='ocrx_word' id='word_1_133' title='bbox 447 2004 534 2083; x_wconf 79' lang='lat' dir='ltr'>Isslraec</span> <span class='ocrx_word' id='word_1_134' title='bbox 550 2004 625 2062; x_wconf 81' lang='lat' dir='ltr'>terris</span> <span class='ocrx_word' id='word_1_135' title='bbox 642 2020 733 2081; x_wconf 79' lang='lat' dir='ltr'>gentes</span> <span class='ocrx_word' id='word_1_136' title='bbox 748 2024 837 2062; x_wconf 85' lang='lat' dir='ltr'>omncs</span> <span class='ocrx_word' id='word_1_137' title='bbox 850 2004 968 2082; x_wconf 77' lang='lat' dir='ltr'>peperit,</span> <span class='ocrx_word' id='word_1_138' title='bbox 979 2000 1119 2080; x_wconf 69' lang='lat' dir='ltr'>&amp;refirmr&#39;t</span> <span class='ocrx_word' id='word_1_139' title='bbox 1133 2003 1233 2084; x_wconf 30' lang='lat' dir='ltr'>denual:</span> 
     </span>
     <span class='ocr_line' id='line_1_20' title="bbox 376 2083 1305 2165; baseline 0.002 -23"><span class='ocrx_word' id='word_1_140' title='bbox 376 2102 379 2107; x_wconf 83' lang='lat'>&#39;</span> <span class='ocrx_word' id='word_1_141' title='bbox 446 2084 535 2163; x_wconf 72' lang='lat' dir='ltr'>Isslraec</span> <span class='ocrx_word' id='word_1_142' title='bbox 554 2087 602 2145; x_wconf 85' lang='lat' dir='ltr'>dat</span> <span class='ocrx_word' id='word_1_143' title='bbox 613 2083 733 2143; x_wconf 80' lang='lat' dir='ltr'>cibaria:</span> <span class='ocrx_word' id='word_1_144' title='bbox 750 2085 834 2165; x_wconf 75' lang='lat' dir='ltr'>isthuc</span> <span class='ocrx_word' id='word_1_145' title='bbox 851 2086 972 2143; x_wconf 78' lang='lat' dir='ltr'>omnibus</span> <span class='ocrx_word' id='word_1_146' title='bbox 980 2084 1073 2165; x_wconf 76' lang='lat' dir='ltr'>finges</span> <span class='ocrx_word' id='word_1_147' title='bbox 1082 2084 1159 2162; x_wconf 80' lang='lat' dir='ltr'>gerit.</span> <span class='ocrx_word' id='word_1_148' title='bbox 1173 2086 1305 2147; x_wconf 69' lang='lat' dir='ltr'>Senum.</span> 
     </span>
    </p>

    <p class='ocr_par' dir='ltr' id='par_1_6' title="bbox 397 2163 1366 3541">
     <span class='ocr_line' id='line_1_21' title="bbox 446 2163 1366 2247; baseline -0.001 -23"><span class='ocrx_word' id='word_1_149' title='bbox 446 2164 494 2226; x_wconf 94' lang='lat' dir='ltr'>lin.</span> <span class='ocrx_word' id='word_1_150' title='bbox 510 2182 557 2243; x_wconf 79' lang='lat'>23.</span> <span class='ocrx_word' id='word_1_151' title='bbox 576 2166 644 2244; x_wconf 79' lang='lat' dir='ltr'>Qua</span> <span class='ocrx_word' id='word_1_152' title='bbox 661 2166 731 2243; x_wconf 85' lang='lat' dir='ltr'>quod</span> <span class='ocrx_word' id='word_1_153' title='bbox 750 2168 817 2246; x_wconf 76' lang='lat' dir='ltr'>geria</span> <span class='ocrx_word' id='word_1_154' title='bbox 827 2164 938 2247; x_wconf 78' lang='lat' dir='ltr'>fruges,</span> <span class='ocrx_word' id='word_1_155' title='bbox 961 2163 1068 2245; x_wconf 75' lang='lat' dir='ltr'>ceren]</span> <span class='ocrx_word' id='word_1_156' title='bbox 1087 2163 1188 2224; x_wconf 75' lang='lat' dir='ltr'>Cicero</span> <span class='ocrx_word' id='word_1_157' title='bbox 1206 2186 1317 2245; x_wconf 89' lang='lat' dir='ltr'>quoque</span> <span class='ocrx_word' id='word_1_158' title='bbox 1326 2166 1366 2225; x_wconf 88' lang='lat' dir='ltr'>ei·</span> 
     </span>
     <span class='ocr_line' id='line_1_22' title="bbox 402 2243 1366 2327; baseline 0.001 -22"><span class='ocrx_word' id='word_1_159' title='bbox 402 2245 469 2305; x_wconf 89' lang='lat' dir='ltr'>dem</span> <span class='ocrx_word' id='word_1_160' title='bbox 483 2262 582 2327; x_wconf 87' lang='lat' dir='ltr'>etymo</span> <span class='ocrx_word' id='word_1_161' title='bbox 603 2243 748 2313; x_wconf 75' lang='lat' dir='ltr'>assentitur.</span> <span class='ocrx_word' id='word_1_162' title='bbox 768 2244 823 2306; x_wconf 85' lang='lat' dir='ltr'>Sed</span> <span class='ocrx_word' id='word_1_163' title='bbox 839 2266 892 2307; x_wconf 89' lang='lat' dir='ltr'>nos</span> <span class='ocrx_word' id='word_1_164' title='bbox 932 2262 1041 2304; x_wconf 77' lang='lat' dir='ltr'>uramus</span> <span class='ocrx_word' id='word_1_165' title='bbox 1055 2244 1157 2305; x_wconf 71' lang='lat' dir='ltr'>dietam</span> <span class='ocrx_word' id='word_1_166' title='bbox 1174 2245 1228 2306; x_wconf 88' lang='lat' dir='ltr'>elle</span> <span class='ocrx_word' id='word_1_167' title='bbox 1242 2268 1258 2306; x_wconf 89' lang='lat' dir='ltr'>a</span> <span class='ocrx_word' id='word_1_168' title='bbox 1273 2246 1366 2307; x_wconf 81' lang='lat' dir='ltr'>Ceteo</span> 
     </span>
     <span class='ocr_line' id='line_1_23' title="bbox 403 2268 1366 2407; baseline -0.001 -19"><span class='ocrx_word' id='word_1_169' title='bbox 403 2330 517 2407; x_wconf 79' lang='lat' dir='ltr'>antiquo</span> <span class='ocrx_word' id='word_1_170' title='bbox 530 2326 635 2398; x_wconf 82' lang='lat' dir='ltr'>verbo,</span> <span class='ocrx_word' id='word_1_171' title='bbox 655 2326 729 2407; x_wconf 91' lang='lat' dir='ltr'>quod</span> <span class='ocrx_word' id='word_1_172' title='bbox 746 2324 785 2387; x_wconf 91' lang='lat' dir='ltr'>ell</span> <span class='ocrx_word' id='word_1_173' title='bbox 799 2325 884 2388; x_wconf 89' lang='lat' dir='ltr'>Creo.</span> <span class='ocrx_word' id='word_1_174' title='bbox 899 2268 960 2387; x_wconf 70' lang='lat' dir='ltr'>llisr</span> <span class='ocrx_word' id='word_1_175' title='bbox 979 2326 1088 2386; x_wconf 87' lang='lat' dir='ltr'>fortalle</span> <span class='ocrx_word' id='word_1_176' title='bbox 1106 2330 1183 2406; x_wconf 86' lang='lat' dir='ltr'>prius</span> <span class='ocrx_word' id='word_1_177' title='bbox 1199 2328 1271 2388; x_wconf 71' lang='lat' dir='ltr'>diela</span> <span class='ocrx_word' id='word_1_178' title='bbox 1286 2327 1366 2387; x_wconf 84' lang='lat' dir='ltr'>fuerit</span> 
     </span>
     <span class='ocr_line' id='line_1_24' title="bbox 402 2406 1365 2490; baseline 0 -21"><span class='ocrx_word' id='word_1_179' title='bbox 402 2406 512 2480; x_wconf 86' lang='lat' dir='ltr'>Getes,</span> <span class='ocrx_word' id='word_1_180' title='bbox 528 2424 559 2467; x_wconf 92' lang='lat' dir='ltr'>ut</span> <span class='ocrx_word' id='word_1_181' title='bbox 573 2408 671 2469; x_wconf 90' lang='lat' dir='ltr'>volunt</span> <span class='ocrx_word' id='word_1_182' title='bbox 687 2406 744 2490; x_wconf 87' lang='lat' dir='ltr'>iplr.</span> <span class='ocrx_word' id='word_1_183' title='bbox 762 2407 805 2468; x_wconf 80' lang='lat' dir='ltr'>At</span> <span class='ocrx_word' id='word_1_184' title='bbox 820 2419 857 2467; x_wconf 86' lang='lat' dir='ltr'>ne</span> <span class='ocrx_word' id='word_1_185' title='bbox 871 2428 943 2468; x_wconf 91' lang='lat' dir='ltr'>nunc</span> <span class='ocrx_word' id='word_1_186' title='bbox 957 2407 1225 2490; x_wconf 88' lang='lat' dir='ltr'>quidemagerendo</span> <span class='ocrx_word' id='word_1_187' title='bbox 1238 2410 1301 2479; x_wconf 88' lang='lat' dir='ltr'>erit,</span> <span class='ocrx_word' id='word_1_188' title='bbox 1317 2408 1365 2469; x_wconf 87' lang='lat' dir='ltr'>sed</span> 
     </span>
     <span class='ocr_line' id='line_1_25' title="bbox 403 2486 1365 2571; baseline 0.001 -23"><span class='ocrx_word' id='word_1_189' title='bbox 403 2508 420 2548; x_wconf 86' lang='lat' dir='ltr'>a</span> <span class='ocrx_word' id='word_1_190' title='bbox 438 2488 543 2550; x_wconf 85' lang='lat' dir='ltr'>Graeco</span> <span class='ocrx_word' id='word_1_191' title='bbox 558 2486 650 2567; x_wconf 70' lang='grc' dir='ltr'><strong><em>Γῆςυς.</em></strong></span> <span class='ocrx_word' id='word_1_192' title='bbox 668 2490 705 2549; x_wconf 83' lang='lat' dir='ltr'>ita</span> <span class='ocrx_word' id='word_1_193' title='bbox 723 2491 799 2549; x_wconf 91' lang='lat' dir='ltr'>enim</span> <span class='ocrx_word' id='word_1_194' title='bbox 814 2490 888 2569; x_wconf 90' lang='lat' dir='ltr'>prius</span> <span class='ocrx_word' id='word_1_195' title='bbox 904 2490 1067 2549; x_wconf 84' lang='lat' dir='ltr'>vocabatur.</span> <span class='ocrx_word' id='word_1_196' title='bbox 1088 2488 1261 2571; x_wconf 85' lang='lat' dir='ltr'>Hesychius:</span> <span class='ocrx_word' id='word_1_197' title='bbox 1277 2492 1365 2568; x_wconf 80' lang='grc' dir='ltr'>Ἀχε-</span> 
     </span>
     <span class='ocr_line' id='line_1_26' title="bbox 402 2566 1364 2651; baseline 0.003 -22"><span class='ocrx_word' id='word_1_198' title='bbox 402 2569 456 2647; x_wconf 63' lang='lat' dir='ltr'>gel,</span> <span class='ocrx_word' id='word_1_199' title='bbox 468 2572 518 2632; x_wconf 77' lang='lat' dir='ltr'>uel</span> <span class='ocrx_word' id='word_1_200' title='bbox 532 2570 637 2641; x_wconf 47' lang='lat' dir='ltr'>&#39;liulfi</span> <span class='ocrx_word' id='word_1_201' title='bbox 652 2572 703 2632; x_wconf 75' lang='lat' dir='ltr'>uel</span> <span class='ocrx_word' id='word_1_202' title='bbox 718 2568 820 2642; x_wconf 56' lang='lat' dir='ltr'>‘mnu</span> <span class='ocrx_word' id='word_1_203' title='bbox 838 2571 889 2632; x_wconf 74' lang='lat' dir='ltr'>nel</span> <span class='ocrx_word' id='word_1_204' title='bbox 904 2567 1005 2651; x_wconf 70' lang='lat' dir='ltr'>stipor,</span> <span class='ocrx_word' id='word_1_205' title='bbox 1020 2571 1070 2632; x_wconf 74' lang='lat' dir='ltr'>nel</span> <span class='ocrx_word' id='word_1_206' title='bbox 1087 2567 1134 2639; x_wconf 77' lang='lat' dir='ltr'>sti,</span> <span class='ocrx_word' id='word_1_207' title='bbox 1144 2570 1194 2630; x_wconf 75' lang='lat' dir='ltr'>uel</span> <span class='ocrx_word' id='word_1_208' title='bbox 1209 2566 1364 2650; x_wconf 58' lang='grc' dir='ltr'>Δημήτηρ,</span> 
     </span>
     <span class='ocr_line' id='line_1_27' title="bbox 402 2643 1363 2733; baseline -0.002 -20"><span class='ocrx_word' id='word_1_209' title='bbox 402 2646 418 2714; x_wconf 84' lang='lat' dir='ltr'>ti</span> <span class='ocrx_word' id='word_1_210' title='bbox 438 2643 520 2717; x_wconf 70' lang='lat' dir='ltr'>oru’eti.</span> <span class='ocrx_word' id='word_1_211' title='bbox 543 2650 586 2713; x_wconf 84' lang='lat' dir='ltr'>Ex</span> <span class='ocrx_word' id='word_1_212' title='bbox 604 2652 701 2733; x_wconf 90' lang='lat' dir='ltr'>quibus</span> <span class='ocrx_word' id='word_1_213' title='bbox 714 2654 796 2713; x_wconf 87' lang='lat' dir='ltr'>etiam</span> <span class='ocrx_word' id='word_1_214' title='bbox 813 2651 926 2724; x_wconf 87' lang='lat' dir='ltr'>videas,</span> <span class='ocrx_word' id='word_1_215' title='bbox 942 2651 1040 2733; x_wconf 87' lang='lat' dir='ltr'>Opem</span> <span class='ocrx_word' id='word_1_216' title='bbox 1060 2650 1233 2722; x_wconf 85' lang='lat' dir='ltr'>Confivam,</span> <span class='ocrx_word' id='word_1_217' title='bbox 1252 2673 1310 2711; x_wconf 91' lang='lat' dir='ltr'>non</span> <span class='ocrx_word' id='word_1_218' title='bbox 1327 2653 1363 2711; x_wconf 90' lang='lat' dir='ltr'>ab</span> 
     </span>
     <span class='ocr_line' id='line_1_28' title="bbox 401 2731 1363 2814; baseline 0.001 -22"><span class='ocrx_word' id='word_1_219' title='bbox 401 2750 476 2812; x_wconf 90' lang='lat' dir='ltr'>ope,</span> <span class='ocrx_word' id='word_1_220' title='bbox 493 2754 522 2794; x_wconf 92' lang='lat' dir='ltr'>ut</span> <span class='ocrx_word' id='word_1_221' title='bbox 550 2734 610 2814; x_wconf 71' lang='lat' dir='ltr'>vult</span> <span class='ocrx_word' id='word_1_222' title='bbox 629 2734 740 2808; x_wconf 82' lang='lat' dir='ltr'>Varro,</span> <span class='ocrx_word' id='word_1_223' title='bbox 759 2734 877 2806; x_wconf 75' lang='lat' dir='ltr'>dietam,</span> <span class='ocrx_word' id='word_1_224' title='bbox 899 2733 945 2793; x_wconf 91' lang='lat' dir='ltr'>sed</span> <span class='ocrx_word' id='word_1_225' title='bbox 965 2733 1104 2793; x_wconf 84' lang='lat' dir='ltr'>veteribus</span> <span class='ocrx_word' id='word_1_226' title='bbox 1124 2753 1236 2813; x_wconf 87' lang='lat' dir='ltr'>quoque</span> <span class='ocrx_word' id='word_1_227' title='bbox 1253 2731 1363 2795; x_wconf 86' lang='lat' dir='ltr'>Graecis</span> 
     </span>
     <span class='ocr_line' id='line_1_29' title="bbox 400 2813 1363 2907; baseline -0.004 -30"><span class='ocrx_word' id='word_1_228' title='bbox 400 2832 464 2877; x_wconf 83' lang='lat' dir='ltr'>eam</span> <span class='ocrx_word' id='word_1_229' title='bbox 478 2813 577 2907; x_wconf 71' lang='lat' dir='ltr'>didam</span> <span class='ocrx_word' id='word_1_230' title='bbox 596 2814 692 2878; x_wconf 69' lang='lat' dir='ltr'>&#39;llum</span> <span class='ocrx_word' id='word_1_231' title='bbox 703 2835 787 2897; x_wconf 88' lang='lat' dir='ltr'>aquo</span> <span class='ocrx_word' id='word_1_232' title='bbox 804 2814 902 2875; x_wconf 84' lang='lat' dir='ltr'>latine</span> <span class='ocrx_word' id='word_1_233' title='bbox 912 2813 985 2897; x_wconf 87' lang='lat' dir='ltr'>Ops.</span> <span class='ocrx_word' id='word_1_234' title='bbox 1000 2814 1134 2876; x_wconf 73' lang='lat' dir='ltr'>Senum.</span> <span class='ocrx_word' id='word_1_235' title='bbox 1149 2813 1228 2874; x_wconf 85' lang='lat' dir='ltr'>ldem</span> <span class='ocrx_word' id='word_1_236' title='bbox 1237 2815 1265 2874; x_wconf 92' lang='lat' dir='ltr'>in</span> <span class='ocrx_word' id='word_1_237' title='bbox 1275 2835 1363 2897; x_wconf 77' lang='lat' dir='ltr'>marg.</span> 
     </span>
     <span class='ocr_line' id='line_1_30' title="bbox 416 2914 587 2957; baseline 0.023 -4"><span class='ocrx_word' id='word_1_238' title='bbox 416 2915 455 2953; x_wconf 78' lang='lat' dir='ltr'>ua</span> <span class='ocrx_word' id='word_1_239' title='bbox 471 2918 502 2955; x_wconf 84' lang='lat' dir='ltr'>uc</span> <span class='ocrx_word' id='word_1_240' title='bbox 531 2914 587 2957; x_wconf 72' lang='grc' dir='ltr'><em>ινιτ.</em></span> 
     </span>
     <span class='ocr_line' id='line_1_31' title="bbox 399 2916 1359 3116; baseline 0.002 -83"><span class='ocrx_word' id='word_1_241' title='bbox 399 2918 416 2977; x_wconf 66' lang='lat' dir='ltr'><em>q</em></span> <span class='ocrx_word' id='word_1_242' title='bbox 442 2919 488 3037; x_wconf 67' lang='lat' dir='ltr'>liqn.</span> <span class='ocrx_word' id='word_1_243' title='bbox 502 2916 537 3060; x_wconf 51' lang='grc' dir='ltr'>αἶς</span> <span class='ocrx_word' id='word_1_244' title='bbox 555 2976 593 3055; x_wconf 87' lang='lat' dir='ltr'>sq.</span> <span class='ocrx_word' id='word_1_245' title='bbox 611 2977 669 3058; x_wconf 81' lang='lat' dir='ltr'>Istic</span> <span class='ocrx_word' id='word_1_246' title='bbox 679 2980 712 3057; x_wconf 79' lang='lat' dir='ltr'>efl</span> <span class='ocrx_word' id='word_1_247' title='bbox 727 2980 752 3039; x_wconf 87' lang='lat' dir='ltr'>is</span> <span class='ocrx_word' id='word_1_248' title='bbox 768 2975 977 3116; x_wconf 49' lang='lat' dir='ltr'>Iuppiter&amp;c.p</span> <span class='ocrx_word' id='word_1_249' title='bbox 994 2976 1063 3038; x_wconf 89' lang='lat' dir='ltr'>Vid.</span> <span class='ocrx_word' id='word_1_250' title='bbox 1073 2965 1200 3035; x_wconf 85' lang='lat' dir='ltr'>Turneb.</span> <span class='ocrx_word' id='word_1_251' title='bbox 1216 2974 1251 3035; x_wconf 89' lang='lat' dir='ltr'>ad</span> <span class='ocrx_word' id='word_1_252' title='bbox 1270 2976 1316 3034; x_wconf 91' lang='lat' dir='ltr'>lin.</span> <span class='ocrx_word' id='word_1_253' title='bbox 1332 2997 1359 3056; x_wconf 91' lang='lat'>9.</span> 
     </span>
     <span class='ocr_line' id='line_1_32' title="bbox 400 3053 1361 3139; baseline 0.001 -23"><span class='ocrx_word' id='word_1_254' title='bbox 400 3053 551 3118; x_wconf 86' lang='lat' dir='ltr'>Trochaici</span> <span class='ocrx_word' id='word_1_255' title='bbox 562 3058 622 3117; x_wconf 92' lang='lat' dir='ltr'>sunt</span> <span class='ocrx_word' id='word_1_256' title='bbox 634 3082 666 3117; x_wconf 79' lang='lat' dir='ltr'>ex</span> <span class='ocrx_word' id='word_1_257' title='bbox 677 3060 846 3139; x_wconf 73' lang='lat' dir='ltr'>Epicharmo</span> <span class='ocrx_word' id='word_1_258' title='bbox 859 3057 948 3116; x_wconf 87' lang='lat' dir='ltr'>Ennii.</span> <span class='ocrx_word' id='word_1_259' title='bbox 975 3077 1058 3137; x_wconf 91' lang='lat' dir='ltr'>taque</span> <span class='ocrx_word' id='word_1_260' title='bbox 1072 3078 1170 3117; x_wconf 89' lang='lat' dir='ltr'>omnes</span> <span class='ocrx_word' id='word_1_261' title='bbox 1179 3055 1361 3133; x_wconf 72' lang='lat' dir='ltr'>distinguendi</span> 
     </span>
     <span class='ocr_line' id='line_1_33' title="bbox 400 3137 1360 3219; baseline 0.001 -22"><span class='ocrx_word' id='word_1_262' title='bbox 400 3138 477 3210; x_wconf 88' lang='lat' dir='ltr'>lunt,</span> <span class='ocrx_word' id='word_1_263' title='bbox 499 3139 680 3219; x_wconf 90' lang='lat' dir='ltr'>unusquisque</span> <span class='ocrx_word' id='word_1_264' title='bbox 696 3140 791 3199; x_wconf 88' lang='lat' dir='ltr'>ordine</span> <span class='ocrx_word' id='word_1_265' title='bbox 807 3137 864 3197; x_wconf 91' lang='lat' dir='ltr'>suo.</span> <span class='ocrx_word' id='word_1_266' title='bbox 883 3137 978 3215; x_wconf 91' lang='lat' dir='ltr'>Quod</span> <span class='ocrx_word' id='word_1_267' title='bbox 992 3155 1085 3197; x_wconf 87' lang='lat' dir='ltr'>tamen</span> <span class='ocrx_word' id='word_1_268' title='bbox 1100 3139 1172 3197; x_wconf 91' lang='lat' dir='ltr'>adeo</span> <span class='ocrx_word' id='word_1_269' title='bbox 1191 3139 1360 3219; x_wconf 79' lang='lat' dir='ltr'>negligenter</span> 
     </span>
     <span class='ocr_line' id='line_1_34' title="bbox 397 3218 1360 3299; baseline 0.004 -22"><span class='ocrx_word' id='word_1_270' title='bbox 397 3218 577 3299; x_wconf 84' lang='lat' dir='ltr'>praellitetunt</span> <span class='ocrx_word' id='word_1_271' title='bbox 595 3220 718 3277; x_wconf 73' lang='lat' dir='ltr'>auctores</span> <span class='ocrx_word' id='word_1_272' title='bbox 733 3220 861 3278; x_wconf 90' lang='lat' dir='ltr'>editionis</span> <span class='ocrx_word' id='word_1_273' title='bbox 870 3218 1028 3297; x_wconf 78' lang='lat' dir='ltr'>Romanae,</span> <span class='ocrx_word' id='word_1_274' title='bbox 1041 3236 1070 3277; x_wconf 91' lang='lat' dir='ltr'>ut</span> <span class='ocrx_word' id='word_1_275' title='bbox 1081 3219 1199 3297; x_wconf 89' lang='lat' dir='ltr'>plurima</span> <span class='ocrx_word' id='word_1_276' title='bbox 1215 3220 1287 3278; x_wconf 85' lang='lat' dir='ltr'>ultro</span> <span class='ocrx_word' id='word_1_277' title='bbox 1307 3222 1360 3281; x_wconf 88' lang='lat' dir='ltr'>lruc</span> 
     </span>
     <span class='ocr_line' id='line_1_35' title="bbox 398 3292 1359 3381; baseline 0.002 -24"><span class='ocrx_word' id='word_1_278' title='bbox 398 3299 549 3359; x_wconf 85' lang='lat' dir='ltr'>inlerserint</span> <span class='ocrx_word' id='word_1_279' title='bbox 567 3300 688 3373; x_wconf 89' lang='lat' dir='ltr'>inutilia,</span> <span class='ocrx_word' id='word_1_280' title='bbox 712 3302 744 3360; x_wconf 79' lang='lat' dir='ltr'>dc</span> <span class='ocrx_word' id='word_1_281' title='bbox 761 3301 848 3359; x_wconf 82' lang='lat' dir='ltr'>aliena</span> <span class='ocrx_word' id='word_1_282' title='bbox 864 3321 882 3358; x_wconf 91' lang='lat' dir='ltr'>a</span> <span class='ocrx_word' id='word_1_283' title='bbox 895 3300 955 3381; x_wconf 86' lang='lat' dir='ltr'>lege</span> <span class='ocrx_word' id='word_1_284' title='bbox 972 3302 1092 3360; x_wconf 89' lang='lat' dir='ltr'>metrica.</span> <span class='ocrx_word' id='word_1_285' title='bbox 1110 3300 1186 3359; x_wconf 89' lang='lat' dir='ltr'>Nihil</span> <span class='ocrx_word' id='word_1_286' title='bbox 1207 3303 1279 3362; x_wconf 84' lang='lat' dir='ltr'>enim</span> <span class='ocrx_word' id='word_1_287' title='bbox 1297 3292 1359 3359; x_wconf 76' lang='lat' dir='ltr'>inu·</span> 
     </span>
     <span class='ocr_line' id='line_1_36' title="bbox 398 3380 1358 3461; baseline 0.003 -23"><span class='ocrx_word' id='word_1_288' title='bbox 398 3380 514 3439; x_wconf 87' lang='lat' dir='ltr'>tandum</span> <span class='ocrx_word' id='word_1_289' title='bbox 536 3382 564 3437; x_wconf 91' lang='lat' dir='ltr'>in</span> <span class='ocrx_word' id='word_1_290' title='bbox 587 3380 699 3460; x_wconf 87' lang='lat' dir='ltr'>vulgata</span> <span class='ocrx_word' id='word_1_291' title='bbox 718 3381 854 3452; x_wconf 71' lang='lat' dir='ltr'>leelione‚</span> <span class='ocrx_word' id='word_1_292' title='bbox 868 3381 897 3438; x_wconf 90' lang='lat' dir='ltr'>in</span> <span class='ocrx_word' id='word_1_293' title='bbox 919 3402 974 3461; x_wconf 84' lang='lat' dir='ltr'>qua</span> <span class='ocrx_word' id='word_1_294' title='bbox 996 3380 1102 3441; x_wconf 86' lang='lat' dir='ltr'>constat</span> <span class='ocrx_word' id='word_1_295' title='bbox 1123 3385 1191 3441; x_wconf 86' lang='lat' dir='ltr'>ratio</span> <span class='ocrx_word' id='word_1_296' title='bbox 1211 3381 1358 3456; x_wconf 82' lang='lat' dir='ltr'>versuum,</span> 
     </span>
     <span class='ocr_line' id='line_1_37' title="bbox 398 3455 1311 3541; baseline 0.003 -19"><span class='ocrx_word' id='word_1_297' title='bbox 398 3455 489 3522; x_wconf 82' lang='lat' dir='ltr'>mo&#39;do</span> <span class='ocrx_word' id='word_1_298' title='bbox 507 3480 728 3541; x_wconf 86' lang='lat' dir='ltr'>unumquemque</span> <span class='ocrx_word' id='word_1_299' title='bbox 751 3461 862 3522; x_wconf 83' lang='lat' dir='ltr'>versum</span> <span class='ocrx_word' id='word_1_300' title='bbox 877 3462 966 3523; x_wconf 89' lang='lat' dir='ltr'>ordini</span> <span class='ocrx_word' id='word_1_301' title='bbox 981 3462 1031 3523; x_wconf 89' lang='lat' dir='ltr'>suo</span> <span class='ocrx_word' id='word_1_302' title='bbox 1051 3464 1157 3523; x_wconf 84' lang='lat' dir='ltr'>reddas.</span> <span class='ocrx_word' id='word_1_303' title='bbox 1179 3464 1311 3525; x_wconf 74' lang='lat' dir='ltr'>Senum.</span> 
     </span>
    </p>

    <p class='ocr_par' dir='ltr' id='par_1_7' title="bbox 392 3541 1359 4033">
     <span class='ocr_line' id='line_1_38' title="bbox 437 3541 1359 3626; baseline 0.007 -25"><span class='ocrx_word' id='word_1_304' title='bbox 437 3541 482 3604; x_wconf 90' lang='lat' dir='ltr'>lin.</span> <span class='ocrx_word' id='word_1_305' title='bbox 501 3541 549 3603; x_wconf 88' lang='lat'>26.</span> <span class='ocrx_word' id='word_1_306' title='bbox 567 3544 650 3619; x_wconf 83' lang='lat' dir='ltr'>Quem</span> <span class='ocrx_word' id='word_1_307' title='bbox 667 3542 752 3603; x_wconf 78' lang='lat' dir='ltr'>Greci</span> <span class='ocrx_word' id='word_1_308' title='bbox 766 3561 865 3603; x_wconf 82' lang='lat' dir='ltr'>vocant</span> <span class='ocrx_word' id='word_1_309' title='bbox 881 3566 944 3603; x_wconf 82' lang='lat' dir='ltr'>aera</span> <span class='ocrx_word' id='word_1_310' title='bbox 956 3543 1018 3626; x_wconf 90' lang='lat'>-]</span> <span class='ocrx_word' id='word_1_311' title='bbox 1037 3543 1186 3625; x_wconf 81' lang='lat' dir='ltr'>AEscbylus</span> <span class='ocrx_word' id='word_1_312' title='bbox 1206 3545 1282 3623; x_wconf 87' lang='lat' dir='ltr'>apud</span> <span class='ocrx_word' id='word_1_313' title='bbox 1295 3544 1359 3607; x_wconf 87' lang='lat' dir='ltr'>Cle-</span> 
     </span>
     <span class='ocr_line' id='line_1_39' title="bbox 396 3622 730 3704; baseline 0.003 -20"><span class='ocrx_word' id='word_1_314' title='bbox 396 3641 521 3684; x_wconf 91' lang='lat' dir='ltr'>mentem</span> <span class='ocrx_word' id='word_1_315' title='bbox 538 3622 675 3683; x_wconf 85' lang='lat' dir='ltr'>Strotnate</span> <span class='ocrx_word' id='word_1_316' title='bbox 698 3643 730 3704; x_wconf 83' lang='lat'>5:</span> 
     </span>
     <span class='ocr_line' id='line_1_40' title="bbox 392 3698 1310 3787; baseline -0.001 -20"><span class='ocrx_word' id='word_1_317' title='bbox 392 3724 397 3737; x_wconf 94' lang='grc'><em>·</em></span> <span class='ocrx_word' id='word_1_318' title='bbox 437 3704 509 3767; x_wconf 62' lang='lat' dir='ltr'>zeus</span> <span class='ocrx_word' id='word_1_319' title='bbox 532 3702 737 3783; x_wconf 51' lang='lat' dir='ltr'>enervabit,</span> <span class='ocrx_word' id='word_1_320' title='bbox 763 3706 827 3785; x_wconf 75' lang='grc' dir='ltr'>ζεὺς</span> <span class='ocrx_word' id='word_1_321' title='bbox 851 3703 886 3766; x_wconf 69' lang='lat' dir='ltr'>cll</span> <span class='ocrx_word' id='word_1_322' title='bbox 900 3702 961 3787; x_wconf 71' lang='lat' dir='ltr'>pti,</span> <span class='ocrx_word' id='word_1_323' title='bbox 980 3704 1043 3786; x_wconf 72' lang='grc' dir='ltr'>ζεὺς</span> <span class='ocrx_word' id='word_1_324' title='bbox 1062 3698 1224 3784; x_wconf 60' lang='lat' dir='ltr'>ualeatis·</span> <span class='ocrx_word' id='word_1_325' title='bbox 1307 3708 1310 3713; x_wconf 81' lang='grc'><em>’</em></span> 
     </span>
     <span class='ocr_line' id='line_1_41' title="bbox 405 3781 1195 3867; baseline 0.003 -21"><span class='ocrx_word' id='word_1_326' title='bbox 405 3814 408 3819; x_wconf 91' lang='grc'>·</span> <span class='ocrx_word' id='word_1_327' title='bbox 439 3787 506 3849; x_wconf 76' lang='grc' dir='ltr'><em>Ζεύς</em></span> <span class='ocrx_word' id='word_1_328' title='bbox 522 3809 565 3849; x_wconf 77' lang='grc' dir='ltr'>τοι</span> <span class='ocrx_word' id='word_1_329' title='bbox 584 3789 625 3850; x_wconf 67' lang='grc' dir='ltr'>τὰ</span> <span class='ocrx_word' id='word_1_330' title='bbox 640 3785 760 3859; x_wconf 65' lang='grc' dir='ltr'>πάντα,</span> <span class='ocrx_word' id='word_1_331' title='bbox 773 3787 812 3867; x_wconf 86' lang='grc' dir='ltr'>’χ’</span> <span class='ocrx_word' id='word_1_332' title='bbox 825 3781 864 3861; x_wconf 72' lang='grc' dir='ltr'>ὅ,</span> <span class='ocrx_word' id='word_1_333' title='bbox 880 3809 910 3848; x_wconf 78' lang='grc' dir='ltr'>τι</span> <span class='ocrx_word' id='word_1_334' title='bbox 935 3786 1023 3849; x_wconf 69' lang='lat' dir='ltr'>cdtd&#39;</span> <span class='ocrx_word' id='word_1_335' title='bbox 1041 3781 1195 3866; x_wconf 61' lang='grc' dir='ltr'>ὑπέρτερον.</span> 
     </span>
     <span class='ocr_line' id='line_1_42' title="bbox 398 3863 1359 3963; baseline 0.003 -37"><span class='ocrx_word' id='word_1_336' title='bbox 398 3863 467 3928; x_wconf 88' lang='lat' dir='ltr'>ltem</span> <span class='ocrx_word' id='word_1_337' title='bbox 494 3866 674 3930; x_wconf 87' lang='lat' dir='ltr'>Democritus</span> <span class='ocrx_word' id='word_1_338' title='bbox 701 3869 915 3963; x_wconf 40' lang='lat' dir='ltr'>apudueundem</span> <span class='ocrx_word' id='word_1_339' title='bbox 945 3870 973 3927; x_wconf 90' lang='lat' dir='ltr'>in</span> <span class='ocrx_word' id='word_1_340' title='bbox 999 3867 1191 3949; x_wconf 83' lang='lat' dir='ltr'>Protreptico:</span> <span class='ocrx_word' id='word_1_341' title='bbox 1213 3864 1359 3936; x_wconf 61' lang='lat' dir='ltr'>terniue,</span> 
     </span>
     <span class='ocr_line' id='line_1_43' title="bbox 397 3946 1357 4033; baseline 0.002 -24"><span class='ocrx_word' id='word_1_342' title='bbox 397 3946 473 4013; x_wconf 72' lang='lat' dir='ltr'>8qu</span> <span class='ocrx_word' id='word_1_343' title='bbox 489 3946 555 4030; x_wconf 56' lang='grc' dir='ltr'>ἠέρα</span> <span class='ocrx_word' id='word_1_344' title='bbox 575 3949 712 4032; x_wconf 67' lang='grc' dir='ltr'>κωλέομεν</span> <span class='ocrx_word' id='word_1_345' title='bbox 731 3948 757 4015; x_wconf 81' lang='lat' dir='ltr'>oi</span> <span class='ocrx_word' id='word_1_346' title='bbox 782 3958 918 4033; x_wconf 71' lang='lat' dir='ltr'>Enntter,</span> <span class='ocrx_word' id='word_1_347' title='bbox 938 3949 1044 4015; x_wconf 68' lang='grc' dir='ltr'><strong><em>πάντα</em></strong></span> <span class='ocrx_word' id='word_1_348' title='bbox 1064 3950 1279 4031; x_wconf 64' lang='lat' dir='ltr'>ermonem,</span> <span class='ocrx_word' id='word_1_349' title='bbox 1306 3951 1357 4012; x_wconf 77' lang='lat' dir='ltr'>uui</span> 
     </span>
    </p>
   </div>
   <div class='ocr_carea' id='block_1_4' title="bbox 0 0 1610 4967">
    <p class='ocr_par' dir='ltr' id='par_1_8' title="bbox 0 0 1610 4967">
     <span class='ocr_line' id='line_1_44' title="bbox 0 0 1610 4967; baseline 0 6"><span class='ocrx_word' id='word_1_350' title='bbox 0 0 1610 4967; x_wconf 95' lang='lat' dir='ltr'> </span> 
     </span>
    </p>
   </div>
  </div>
 </body>
</html>
