3209 4967
420 482 494 581 ru
543 446 845 598 crunon
889 486 959 555 ru.
1118 463 1165 582 63
1230 468 1235 477 ’

207 642 282 707 Item·
297 644 397 705 eodem
418 644 506 705 modo
535 644 686 725 depravate
715 645 839 727 leguntur
860 644 947 705 verba
973 644 1070 706 Lucilii
1091 648 1167 727 apud
1255 663 1258 697 ῑ

173 737 176 749 ’
208 722 344 787 eundem:
360 729 503 787 Maximus
514 727 544 805 fi
556 745 663 807 argento
681 726 711 785 itt
728 726 801 784 verbi
817 717 969 807 androgyni
986 726 1090 787 barbati
1106 750 1167 787 mce-

208 806 256 865 cho
275 806 377 867 cinoedi.
393 806 451 867 Ubi
470 823 576 869 tantum
593 804 687 877 abest,
705 822 736 866 ut
756 807 929 885 inscriptura
948 806 1036 867 solum
1060 827 1167 887 pecco·

208 886 331 1027 tumLstt‚
352 890 481 965 ucetiam
499 890 587 953 verba
603 889 701 951 Lucilii
720 909 822 949 manca
839 886 902 950 lint.
914 887 992 949 Nam
1006 890 1044 951 ita
1056 888 1169 971 scripse.

209 986 250 1029 rat
291 969 398 1033 utilius:
430 1012 436 1022 ·

247 1049 394 1127 Maximi,
407 1054 435 1130 fi
451 1052 553 1133 argenti
568 1050 718 1131 sexcentum
737 1073 772 1110 oc
790 1050 863 1110 mille
881 1051 986 1132 reliquit
1024 1089 1026 1092 ·

231 1132 359 1191 ,imberbi
378 1134 529 1214 androgyni
549 1134 656 1204 barbato
676 1133 883 1199 mtucltociuudo.¹
935 1168 940 1175 ·

208 1208 242 1269 ln
260 1214 332 1273 verbi
347 1233 415 1297 ergo
436 1236 488 1293 pro
505 1214 620 1277 Imberbi.
640 1211 676 1273 Et
686 1214 800 1274 volebat
818 1212 963 1294 ostendere
978 1212 1106 1288 Nonius,
1119 1214 1169 1275 im·

208 1291 323 1368 derbem,
346 1315 404 1354 non
422 1297 577 1367 imberbum,
603 1293 759 1375 usurpatum
778 1294 832 1356 elle
854 1318 872 1356 a
897 1295 1012 1357 Lucilio.
1034 1294 1168 1357 Ceterum

148 1408 150 1411 ·
208 1371 371 1437 Vertranius
390 1379 418 1436 in
433 1372 545 1439 nenium.
565 1375 686 1448 Forsan,
703 1377 779 1451 Hinc
799 1396 921 1437 venatus.
941 1377 1075 1441 Sermo.
1098 1377 1171 1439 For·

210 1468 237 1513 te
263 1454 317 1537 legi
330 1457 427 1537 ¹'pollet
444 1461 552 1541 versum.
570 1462 686 1517 Venator
699 1457 795 1523 dicitur
811 1480 830 1517 a
850 1459 962 1531 uentu,
981 1460 1085 1539 inquit,
1100 1462 1172 1537 quod

204 1534 323 1616 sequitur
329 1540 417 1618 feram
436 1542 550 1619 undique
567 1540 682 1620 perstem,
696 1541 735 1603 od
746 1560 852 1599 uentum
867 1538 895 1607 (e
915 1540 946 1599 in
959 1559 1073 1601 venunt.
1088 1536 1172 1600 n'unis
1239 1588 1248 1607 .

209 1633 315 1700 argute.
330 1620 429 1681 Venari
444 1642 461 1681 a
478 1621 571 1695 venis,
586 1620 655 1681 licut
671 1620 795 1701 vestigari
807 1642 824 1677 a
842 1622 979 1702 vesligiir,
997 1622 1088 1683 rimati
1103 1641 1120 1678 a
1133 1622 1172 1679 ri-

212 1720 263 1761 ma.
284 1698 327 1763 Ex
346 1722 381 1763 eo
400 1724 532 1775 venatus,
554 1704 586 1765 &
605 1718 731 1775 venator,
751 1702 783 1764 δι
804 1722 910 1778 tenca,
937 1703 1015 1764 canis
1037 1703 1169 1765 venatur.

210 1778 317 1843 Ennius
332 1780 435 1847 Annali
452 1805 505 1847 ro:
768 1844 775 1859 ,
800 1804 803 1809 ’
900 1821 902 1824 -

255 1865 345 1925 Veluti
356 1868 385 1945 fi
401 1872 507 1947 quando
525 1863 624 1925 vinclis
643 1864 764 1927 venetica
782 1886 871 1927 uenott

251 1946 347 2023 Apta,
362 1950 439 2028 filet:
454 1953 483 2028 fi
493 1947 566 2027 forte
578 1946 666 2024 ferant
685 1968 800 2009 exuare
814 1948 912 2029 figuti

195 2028 199 2035 '
251 2028 352 2107 Seufit,
373 2051 435 2091 uoce
448 2029 503 2109 sua
524 2029 617 2099 niliit,
636 2030 771 2110 ululatque
788 2031 826 2089 ibi
845 2027 1078 2105 acraetl’oPMA.

251 2107 300 2168 lin.
324 2128 349 2186 3.
370 2110 459 2179 Pecus
477 2112 511 2170 ab
525 2115 657 2192 eopquod
669 2114 821 2194 perpascot,
836 2134 855 2169 a
871 2132 923 2192 quo
935 2131 1030 2193 pecora
1050 2110 1173 2193 uninerfit
1276 2183 1280 2193 ι

213 2188 296 2271 &c.]
318 2189 411 2271 Lego:
432 2192 521 2253 Pecus
538 2194 572 2250 ob
585 2215 631 2263 eo,
649 2198 721 2272 quod
730 2192 890 2273 ptgscebanm
903 2218 922 2254 a
936 2218 987 2275 quo
1000 2212 1095 2272 pecora
1110 2195 1172 2252 uni·

153 2323 157 2331 .
213 2271 300 2410 nepti.
310 2270 431 2333 Videtur
439 2272 634 2367 Varro-dicere
642 2321 652 2350 ‚
664 2276 751 2334 Pecus
764 2275 868 2353 pecoris
881 2295 897 2332 a
911 2272 1050 2355 pascendo
1066 2294 1171 2335 nomen

208 2352 1175 2519 liniti‘illssfflullssinllllssmiz‘sstelt‘zzlii
1251 2458 1258 2517 5

213 2531 268 2573 tum
278 2518 424 2597 confistebot
435 2520 599 2599 pastoribus,
614 2520 641 2577 6³
647 2518 738 2598 standi
749 2518 953 2599 fiendumentum
966 2540 1015 2600 pes
1028 2521 1128 2596 (aquo
1142 2518 1173 2575 itt

213 2596 334 2672 adificiis
351 2599 446 2658 dicitur
459 2621 521 2659 areo
533 2620 581 2681 pes
598 2620 725 2680 magnus,
738 2600 821 2679 &qui
836 2601 966 2679 negotium
986 2598 1112 2677 instituit,
1124 2618 1173 2673 pt·

213 2678 271 2733 dent
285 2678 373 2757 pofitir
384 2679 427 2760 )a
438 2684 501 2760 pede
519 2683 641 2758 pecudem
659 2680 846 2761 appellarunt,
859 2698 891 2738 ut
905 2680 940 2737 ab
958 2681 1043 2738 eodem
1052 2678 1173 2755 pedicam

186 2758 242 2827 ,δ’
248 2759 432 2843 pedifiquom]
446 2759 489 2821 Ex
501 2762 628 2841 his‚quae
645 2760 705 2819 satis
716 2782 763 2841 per
780 2761 807 2821 se
821 2761 895 2821 clara
905 2759 1025 2835 sunt‚&
1038 2758 1175 2819 Varronis
1230 2812 1235 2818 .
1297 2796 1300 2801 -

214 2853 337 2904 mentem
347 2846 442 2921 aperte
452 2840 650 2915 demonstrant,
663 2840 724 2899 satis
735 2841 853 2914 constat,
859 2842 997 2902 immerito
1011 2842 1070 2899 haec
1080 2841 1108 2902 in
1116 2840 1173 2900 edi·

214 2922 288 2980 tione
297 2918 427 2983 Romana
442 2939 548 2983 mutata
557 2920 641 2983 fuiffe.
651 2921 743 3000 Quod
759 2925 807 3004 qui
822 2922 943 2983 fecerunt
954 2920 1176 2995 ‚nonvidebant

215 3000 295 3075 saite,
305 3021 362 3081 quo
375 3002 512 3085 spedabat
530 3024 609 3064 mens
624 3002 776 3075 Varronis,
793 3024 860 3065 cum
872 3004 985 3085 pecudis
994 3020 1112 3084 etymon
1126 3014 1187 3061 err-¹

214 3082 354 3163 plauderet,
369 3096 452 3166 quam
472 3107 537 3145 uam
553 3086 634 3145 nimis
648 3086 728 3145 anxie
749 3086 780 3149 &
795 3085 906 3147 exiliter.
923 3083 1015 3165 Quod
1031 3085 1104 3143 enim
1122 3075 1174 3143 v‘e·

215 3181 286 3224 teres
303 3163 425 3246 pastores
444 3186 459 3228 e
482 3184 548 3239 eut,
564 3168 591 3227 id
610 3164 659 3239 est,
677 3169 834 3244 pecuariam
847 3182 1019 3239 exercerent,
1033 3166 1064 3228 ὅ(
1081 3165 1175 3241 omnis

215 3265 312 3306 eorum
330 3248 409 3328 copia
429 3250 573 3330 inpecore
592 3246 766 3329 consisteret3
785 3246 948 3308 consistendi
961 3266 1055 3307 autern
1074 3244 1175 3315 funda-

215 3344 342 3387 mentum
359 3348 428 3407 pes:
449 3350 465 3389 a
487 3329 576 3419 pede,
591 3331 697 3409 inquit,
714 3330 834 3411 pecudes
849 3322 1027 3412 appellarunl.
1047 3324 1127 3407 Quia
1143 3343 1175 3388 ut
1273 3328 1275 3330 ’

215 3429 264 3488 pes
276 3410 304 3467 in
320 3407 452 3484 homine,
466 3408 553 3470 standi
564 3409 625 3491 ,qsrc
645 3432 730 3491 pecus
749 3413 778 3470 in
794 3433 824 3471 re
839 3410 966 3471 familiari
980 3413 1105 3491 pecuniae
1113 3408 1193 3468 fun·-

200 3490 377 3551 'dementum
392 3501 450 3575 erat
460 3492 534 3571 apud
548 3508 666 3553 veteres.
678 3492 709 3552 ln
724 3512 781 3571 quo
796 3493 877 3553 vides
884 3492 1017 3553 Varronis
1030 3506 1174 3552 ummo-

216 3572 285 3651 pt‘ett
303 3574 329 3630 in
343 3571 519 3651 disquirendis
536 3574 686 3635 verborum
705 3575 901 3655 etymologiis:
912 3594 976 3633 cum
989 3575 1104 3633 dubium
1116 3592 1174 3632 non
1221 3645 1224 3649 ι

215 3651 265 3726 lit,
275 3652 414 3733 pecudes,
429 3654 506 3733 qnod
517 3650 711 3727 tonderentur,
725 3654 863 3723 maudiut
878 3654 970 3715 dietas.
985 3654 1071 3715 Unde
1086 3653 1177 3713 nitor
1259 3688 1266 3715 e

215 3736 289 3815 apud
302 3730 532 3809 Graecos,vvellus
550 3737 628 3815 apud
647 3755 699 3795 nos
713 3736 849 3797 remansit.
863 3736 953 3796 Latini
967 3757 1038 3795 vero
1057 3732 1177 3813 pecudes

215 3818 306 3897 potius
316 3861 326 3891 ,
336 3836 422 3897 quarn
436 3818 558 3896 pocudes
573 3818 715 3891 dixerunt,
729 3838 808 3879 more
821 3817 871 3878 suo
881 3837 888 3878 ε
900 3837 964 3877 cum
974 3819 1006 3877 δι
1016 3815 1174 3894 Apellinem

216 3918 269 3979 pro
282 3898 414 3979 Apolline
430 3896 570 3960 dicerent:
586 3900 651 3960 irem
672 3902 817 3978 temperis,
833 3900 863 3958 &
881 3898 1018 3979 pigneris,
1035 3898 1067 3956 δι
1082 3895 1174 3967 elena,

215 3998 267 4060 pro
281 3980 366 4045 olera.
383 3978 469 4042 Unde
479 3978 594 4058 Eiteia,
607 3980 683 4044 olera
701 3981 868 4060 minum&
888 3977 1175 4059 avenarumque
