3209 4967
281 494 428 578 ''220
691 475 989 550 NOTAE

355 633 393 696 Et
414 633 443 692 in
461 632 681 718 Epigrammate:

399 717 468 795 Qua
479 717 560 796 succo
580 734 666 791 caret,
687 735 718 776 ιιι
733 714 866 797 putrisque
882 735 1002 797 prmux:

397 799 486 856 Nemo
505 797 601 856 viderit
619 799 689 857 hanc
708 815 738 857 ιιι
757 799 937 879 exfireantern.

397 879 488 956 Quam
506 900 554 954 pro
567 879 701 958 sanguine
717 881 849 958 pulverem
863 878 1014 960 scobemque

396 959 432 1018 In
451 961 528 1018 venis
547 959 637 1020 medici
653 977 751 1038 prum
771 960 872 1019 habere.
1083 960 1086 979 ³

355 1040 411 1102 Hic
428 1058 496 1121 ergo
511 1038 589 1101 siccae
605 1040 745 1115 mulieres,
759 1059 821 1120 quae
835 1037 979 1101 tuffiendo·
990 1039 1022 1102 δι
1037 1034 1203 1101 exscretndo
1215 1035 1320 1099 exhau-

357 1121 407 1181 stae
420 1118 488 1181 sunt.
504 1120 588 1182 Unde
606 1121 652 1182 ille
668 1123 700 1180 in
711 1120 802 1182 Milite
815 1120 903 1182 Plauti
915 1122 975 1182 vult
987 1120 1107 1182 scortum
1122 1119 1244 1194 siccum,
1262 1119 1321 1180 suc-

218 1217 225 1221 “
355 1202 469 1263 cidum:
487 1200 608 1272 fictum,
624 1222 789 1262 nontamen
804 1202 889 1263 succo
906 1224 1017 1276 carens,
1027 1199 1236 1264 &exhaustum
1253 1199 1324 1262 Ideo

355 1282 515 1356 fumidum,
534 1300 564 1342 ut
579 1283 742 1356 Terentius,
760 1284 835 1344 succi
852 1283 974 1363 plenum.
996 1284 1092 1364 Itaque
1109 1282 1226 1356 siccam,
1244 1283 1323 1342 mini·

356 1384 404 1427 me
421 1363 608 1445 sputatricem.
624 1363 708 1424 Unde
725 1365 800 1444 apud
815 1363 978 1438 Juvenalem
998 1364 1147 1444 repudiatae
1166 1363 1270 1424 mulieri
1281 1363 1322 1421 in·

356 1462 398 1506 ter
421 1446 487 1505 alias
507 1445 601 1539 causas
618 1447 724 1528 repudii
747 1447 808 1507 haec
826 1447 963 1528 praecipua
985 1446 1063 1508 velut
1082 1444 1186 1506 sontica
1201 1441 1324 1526 affigun-

356 1525 914 1690 turlainUZiaiiiiiimniiisuigiigtiimqm
934 1630 990 1668 ernu
1027 1610 1086 1669 eris.
1101 1641 1137 1655 -

357 1685 442 1767 Quas
455 1689 552 1783 causas
573 1689 713 1772 repudiata
733 1690 861 1772 quaedam
881 1689 957 1770 apud
973 1690 1121 1751 Aramum
1138 1710 1156 1752 a
1171 1686 1199 1750 se
1216 1687 1320 1764 rejicit,

357 1789 422 1829 curn
437 1788 490 1832 ait:

402 1851 549 1931 Vegium,
565 1873 598 1912 ac
608 1851 721 1930 sollers,
726 1855 816 1932 steca,
829 1854 918 1936 sana,
928 1853 1038 1934 sobria,

405 1935 501 2013 Vtrosa
518 1954 570 1992 non
584 1935 663 2012 siun:
676 1932 844 2013 dufisunr,
862 1957 916 1998 non
932 1935 1022 2015 desunt
1037 1933 1103 1992 milti

317 2082 322 2088 ¹
403 2015 461 2092 Qui
478 2013 546 2073 ultro
562 2015 644 2075 dent:
658 2032 723 2074 atas
739 2017 793 2076 ιἰιιι
811 2039 843 2075 ra
857 2018 907 2096 est,
921 2014 1014 2095 fhrmae
1022 2015 1106 2095 fiatis.
1300 2063 1304 2072 .

360 2092 431 2152 Sunt
447 2094 521 2153 enirn
538 2114 574 2154 ex
587 2091 742 2175 Repudiata
758 2038 877 2157 Aidnii.
896 2095 951 2156 Etfi
973 2095 1046 2168 scio,
1061 2096 1092 2154 in
1112 2091 1220 2154 Afranii
1232 2093 1326 2156 verbis

360 2172 463 2233 siccam
486 2173 541 2234 effe
563 2173 640 2252 poffe
659 2197 711 2256 pro
733 2175 823 2237 sobria
849 2177 971 2238 didium:
994 2193 1024 2235 ut
1046 2175 1119 2256 apud
1140 2175 1268 2235 Plautum
1295 2175 1324 2232 in

359 2251 504 2330 Asinaria,
523 2255 555 2315 &
567 2253 735 2318 Ciceronem
754 2259 783 2316 in
797 2257 973 2318 Academicis
988 2256 1051 2317 lrcci
1063 2256 1191 2316 homines
1212 2277 1263 2336 pro
1278 2255 1328 2316 so⁴

359 2335 442 2395 briis:
458 2334 524 2396 ficut
542 2355 638 2397 contra
654 2333 798 2413 madidus,
810 2339 841 2399 ὅ(
855 2337 994 2412 madnlsa,
1009 2358 1061 2418 pro
1079 2339 1164 2398 ebrio.
1187 2337 1229 2399 lta
1241 2338 1325 2396 etiarn

286 2475 288 2479 .
360 2413 440 2496 ξιιριι
459 2415 569 2478 Graece.
592 2417 732 2516 Pindarus
743 2421 819 2513 apud
831 2419 1007 2481 Plutarchum
1027 2417 1094 2500 περὶ
1109 2415 1324 2499 oeputpepius·
1409 2429 1414 2440 '

360 2495 463 2559 sudrei
477 2495 733 2600 're'e'netuxoeupp
747 2499 817 2582 ξιιμ
834 2499 933 2580 ψυχὰ.
947 2499 1113 2591 σοφωτάζιι.
1124 2497 1160 2558 Et
1175 2499 1328 2559 Athenaeus
1455 2507 1458 2519 '

358 2578 407 2639 lib.
417 2599 447 2652 ι,
461 2579 545 2661 {apio
561 2601 660 2667 τριφιιι
673 2599 758 2680 vocat
774 2567 946 2679 alistemiam.
958 2581 990 2642 ἐκ
1004 2602 1104 2660 τροφιι
1122 2579 1209 2661 Eripis
1223 2577 1282 2640 οὔτ’
1292 2579 1327 2642 ur

264 2663 269 2669 '
360 2658 531 2738 nucinum
547 2662 680 2742 γένοιτο,
696 2661 754 2723 οὐτ’
775 2661 965 2744 eunomium
983 2655 1143 2740 nutrirem.
1164 2657 1300 2724 Senum.

400 2742 445 2802 lin.
461 2762 507 2822 15.
517 2743 676 2822 Scrupedam
687 2744 818 2802 Aurelius
821 2745 914 2825 scribit
926 2741 1327 2824 Auscaripedam.]Scn1pedam

328 2851 330 2855 ·
360 2819 489 2882 Aurelius
507 2824 663 2904 exponebat
678 2845 696 2884 a
713 2823 809 2883 scauro
826 2825 912 2905 pede,
931 2823 979 2883 vel
988 2823 1178 2903 scauripedaru.
1197 2822 1272 2883 Nam
1288 2820 1327 2880 lic

320 2924 323 2931 ·
359 2901 433 2984 lego.
450 2907 567 2964 Scaums
581 2920 674 2964 autem
693 2907 837 2985 exponitur
857 2903 1048 2986 medulorum
1065 2907 1097 2965 ὃ(
1114 2905 1247 2980 cumillis
1260 2900 1328 2964 σιέ-

360 2999 412 3044 λιι.
427 3006 444 3044 a
465 3001 560 3045 vetere
578 2986 680 3046 cririco.
700 2986 831 3046 Horatius
846 2990 957 3068 quoque
976 2986 1005 3044 in
1018 2983 1215 3046 Sermonibus:

401 3065 526 3126 Baibucit
536 3067 658 3147 scaurum
694 3069 770 3128 ravis
783 3067 884 3146 ficltum
906 3067 973 3138 male
991 3065 1064 3127 talis.
1088 3063 1245 3128 TURNEB.

362 3143 547 3227 Transpolitio
563 3145 635 3207 falla
652 3089 709 3222 eli,
723 3170 775 3229 pro
785 3150 979 3230 [centipedam.
996 3145 1091 3207 Scauri
1108 3162 1183 3208 eram
1200 3144 1328 3214 homines

360 3229 461 3307 pravis¹
477 3227 538 3288 fulti
555 3228 627 3288 male
640 3228 717 3302 talis,
731 3246 761 3289 ut
780 3229 874 3289 veihis
897 3229 1005 3288 Horatii
1025 3248 1096 3288 utar.
1117 3227 1192 3309 Ergo
1213 3225 1328 3286 Scauri-

360 3307 441 3386 pedae
456 3309 562 3370 eaedem
578 3326 658 3368 erum
668 3309 735 3392 ‘quae
751 3309 781 3368 su
802 3329 848 3381 ra,
867 3311 969 3368 extritis
984 3309 1053 3370 talis.
1071 3309 1101 3371 id
1117 3305 1167 3384 est,
1179 3329 1236 3369 non
1252 3326 1329 3369 aen·

298 3379 304 3391 ’
360 3385 506 3468 nicomas,
524 3409 613 3470 neque
631 3389 754 3470 εἰὶιτιζιι.
771 3330 908 3452 pomo·

337 3502 342 3506 ·
402 3468 449 3528 lin.
471 3468 516 3531 16.
531 3469 563 3528 A
580 3471 718 3533 vermiculo
728 3470 843 3551 pilum]
858 3469 981 3545 Juventii
995 3469 1278 3552 sententia'pollulat,
1294 3484 1325 3529 ut

361 3547 468 3630 legatur
488 3549 663 3630 Ascaripeda.
692 3549 855 3633 ιἰιιιιιρίέις
881 3555 955 3612 enim
974 3551 1035 3610 sunt
1053 3552 1089 3610 illi
1108 3572 1236 3622 vermes,
1257 3572 1328 3632 quos

281 3633 284 3636 ’
361 3629 578 3712 intelligitsed,
591 3632 668 3712 quod
684 3653 749 3694 cum
764 3633 839 3693 bona
851 3633 1089 3694 Varronianorum
1105 3635 1230 3693 omnium
1246 3634 1328 3694 venia

362 3710 489 3784 dixerim,
498 3711 622 3773 lumbrici
635 3714 771 3795 nusquam
782 3717 812 3774 in
821 3711 1176 3787 frondibns'inveniuntur‚
1186 3711 1231 3774 sed
1239 3712 1327 3774 ἴουλοι

362 3794 463 3868 potius.
481 3793 646 3876 dompiles
669 3816 813 3878 perperam
835 3793 913 3856 Gaza
932 3793 1055 3876 Tipullas
1081 3797 1173 3856 vertit.
1188 3791 1328 3876 Siquidem

362 3869 503 3952 Tipuilae,
522 3897 582 3936 non
602 3875 664 3938 sunt
682 3898 812 3952 vermes,
838 3876 885 3937 sed
907 3880 996 3958 potius
1017 3875 1088 3935 aliud
1108 3871 1203 3936 insedi
1224 3894 1328 3956 genus,

310 3963 312 3972 '
362 3955 440 4034 quod
463 3955 574 4040 semper
589 3958 619 4019 in
635 3959 705 4022 rivis
727 3959 759 4022 δι
774 3956 896 4020 fontibus
920 3955 1040 4034 visitur,
1062 3955 1171 4020 summa
1190 3957 1328 4018 celeritate
