3209 4967
403 538 479 598 Αἰι
771 520 1112 598 NOTAE·

433 682 506 742 enim
526 692 649 751 veteres,
666 692 696 740 ut
712 698 762 740 nos
786 699 897 762 quoque
913 678 997 741 hodie
1019 679 1106 761 vulgo
1123 676 1255 753 iacimus,
1269 676 1393 739 homines

433 761 598 842 pingues&
608 759 715 835 obesos,
732 782 835 841 porcos
849 761 996 822 vocabant.
1012 758 1184 839 Pomponius
1193 760 1394 821 Verniottibusr

463 842 577 903 'Porcus
592 844 642 921 esi,
655 863 727 922 quem
747 863 834 903 amare
847 843 927 923 cupi,
950 842 1076 922 pinguis,
1097 862 1151 901 ιιοιι
1164 842 1270 919 pulcher
1278 862 1350 918 puer.

435 919 531 983 Hodie
559 923 644 1005 vulgo
664 922 736 1005 apud
760 924 886 985 Nonium
916 922 983 982 falso
1004 924 1100 1004 legitur
1121 925 1217 983 Orcus.
1241 920 1396 981 Menander
1433 941 1438 949 ’

432 1002 462 1061 in
479 1003 631 1080 Piscatore,
642 1005 754 1084 loquens
765 1006 800 1065 de
817 1003 956 1085 Dionysio
969 1004 1110 1064 Heracleae
1122 1001 1243 1063 Ponticae
1252 1022 1394 1077 manno,

435 1084 545 1165 οιοιχὺς
562 1088 622 1179 pir?
640 1076 671 1147 dr
691 1084 778 1146 ἔκειτ’
797 1085 845 1146 ἐπὶ
865 1083 973 1164 οτίμιι.
989 1084 1037 1145 De
1053 1083 1132 1165 hujus
1153 1072 1285 1164 Dionysii
1305 1084 1397 1143 edaci·

435 1178 515 1240 tate,
538 1166 570 1227 δι
594 1167 726 1227 immensa
744 1168 867 1247 corporis
887 1168 979 1238 mole,
1008 1166 1085 1247 plura
1109 1165 1259 1226 Athenaeus
1279 1164 1326 1225 lib.
1350 1186 1395 1226 12.

434 1243 532 1327 ltaque
546 1265 617 1307 errat
632 1247 776 1321 Alcimus,
796 1248 859 1328 qui,
874 1248 1027 1329 ubicunque
1041 1244 1073 1305 fit
1095 1248 1199 1306 mentio
1220 1244 1395 1307 Umbrorum

408 1340 411 1347 ¹
434 1328 509 1407 apud
519 1325 827 1403 Plautum‚0vidium,
843 1330 874 1389 &
886 1330 968 1401 alios,
983 1348 1081 1405 parcos
1098 1328 1158 1387 vult
1175 1326 1297 1407 intelligi.
1305 1325 1397 1404 Quod

417 1434 418 1437 ¹
435 1407 475 1475 ita
493 1429 549 1468 non
564 1410 617 1473 elle
631 1410 868 1485 ,demonstratum
885 1410 933 1470 eli.
952 1411 1043 1470 Etiam
1061 1430 1091 1469 m
1129 1430 1179 1467 nus
1194 1408 1238 1469 ille
1256 1410 1299 1467 vir
1313 1428 1348 1467 eo
1357 1429 1398 1468 et·

434 1507 497 1549 tore
509 1491 537 1547 in
553 1490 636 1552 aliurn
658 1493 740 1573 longe
758 1494 896 1567 majorem
919 1490 1102 1573 protradluse
1137 1489 1214 1572 :qui
1237 1487 1314 1567 apud
1336 1486 1399 1547 Plu.

436 1570 562 1631 tarchum
576 1574 603 1631 itt
620 1571 809 1656 Symposiacis
831 1574 930 1653 putarit
949 1572 985 1633 de
1003 1569 1178 1638 Umbrorum
1201 1571 1287 1630 coenis
1308 1569 1397 1649 parcis

436 1650 470 1710 &
487 1648 634 1735 frugalibus
652 1655 821 1715 mentionem
837 1653 895 1714 fieri
906 1676 914 1713 ι
925 1674 989 1714 cunt
1004 1671 1098 1713 tamen
1113 1672 1201 1733 neque
1219 1649 1267 1729 ipsi
1280 1648 1398 1731 frugales

435 1726 537 1793 fixerint
549 1780 558 1810 ,
569 1755 657 1816 neque
668 1757 700 1797 ea
713 1734 744 1794 stt
759 1755 838 1795 mens
858 1734 1002 1796 Plutarchi.
1023 1732 1114 1793 Locus
1131 1747 1241 1805 autem,
1257 1732 1340 1814 quem
1354 1731 1398 1790 ille

435 1811 518 1871 intelli
539 1816 577 1886 it,
592 1836 680 1898 neque
699 1815 803 1897 posuit,
820 1816 859 1877 est
875 1812 1079 1897 Symposiacrin
1094 1815 1165 1875 libro
1185 1834 1222 1887 ο,
1236 1813 1328 1890 capite
1346 1830 1398 1884 ιο,

429 1896 497 1954 τὰς
511 1832 548 1956 ll
560 1897 717 1992 'Ouliputlrr
731 1897 841 1958 ἐκείνοις
858 1896 969 1959 luitur
985 1890 1014 1957 ori
1031 1893 1093 1978 χρὸ
1109 1892 1276 1975 μιτιιφίμιν
1295 1891 1327 1953 ἐκ
1343 1890 1399 1952 teir

439 1982 657 2056 στρατιωτικῶν
667 1978 716 2039 καί
725 1978 944 2073 ποιμμβοιιιιοῖν
953 1976 1075 2040 irruite
1086 1975 1213 2039 relevor.
1226 1976 1309 2036 ιἰλλὲο
1317 1974 1400 2051 μὸιλ-

438 2072 488 2117 hor
508 2055 558 2120 τίνι
577 2058 633 2122 ‘trit
654 2078 789 2127 trahatur
811 2058 1025 2141 praeriperetur
1045 2058 1161 2138 ζηλοῦν,
1180 2050 1210 2119 οὗ
1231 2056 1311 2135 μὸνον
1333 2053 1399 2131 ὁμο-

438 2136 532 2211 ilaue,
546 2133 612 2200 olli
628 2139 803 2221 ὁμοριφίους,
818 2141 902 2201 ἀλλὰ
919 2138 967 2200 uui
984 2137 1170 2221 ὁμοχοίνικας
1184 2139 1235 2199 καί
1252 2136 1399 2215 ὁμοσίτους

439 2224 454 2296 (
463 2220 548 2310 potest
563 2222 588 2280 ἐν
601 2220 790 2303 ὁμοσιπύους)
810 2220 851 2297 τῷ
867 2219 966 2283 rim
987 2223 1124 2293 οέβοοὲιοι
1142 2219 1295 2290 ιιοιιοιίοιι,
1315 2218 1342 2279 ir
1356 2238 1402 2278 τι·

434 2320 475 2379 μιν
504 2300 666 2378 τιθεμένους.
693 2300 769 2363 Nam
795 2302 834 2360 ihi
859 2324 915 2362 non
936 2301 1140 2385 intelligendum
1164 2301 1200 2361 de
1228 2300 1401 2361 Umbrorum

438 2380 543 2455 soenis,
564 2381 610 2443 sed
629 2382 803 2457 catulorum,
818 2385 850 2444 &
873 2383 1003 2444 ferarum.
1024 2382 1155 2465 ὁμβρίιιιο
1174 2382 1248 2441 enim
1271 2382 1302 2441 δι
1321 2379 1402 2460 ’ὁβριοι

440 2460 569 2534 loliano,
585 2464 616 2525 δι
635 2466 776 2547 ίβρίιιοιιο
796 2463 931 2546 AEschylo
944 2464 1070 2525 dicuntur
1091 2464 1173 2525 catuli
1192 2460 1319 2523 ferarum.
1340 2461 1403 2521 Un.

441 2542 477 2601 de
503 2544 585 2603 etiam
611 2564 645 2605 ex
674 2544 827 2605 mustmotte
849 2544 909 2606 fero
933 2545 1096 2605 animali&
1119 2544 1221 2605 ovibus
1246 2562 1327 2604 natos
1349 2544 1403 2623 pri-

437 2620 477 2682 sci
492 2621 582 2689 Latini
601 2624 726 2687 Umbros
739 2626 888 2687 vocabant.
910 2625 1044 2686 Intellexit
1059 2645 1126 2707 ergo
1146 2624 1304 2685 Plutarchus
1320 2644 1402 2705 pran-

438 2703 518 2763 dium
532 2703 669 2781 Ferarum,
686 2708 736 2769 κιο)
753 2711 785 2767 τὸ
799 2706 989 2788 μονοφαγεῖν,
1005 2705 1083 2788 cujus
1101 2728 1184 2767 nemo
1203 2710 1336 2785 particeps
1344 2702 1399 2765 est:

437 2803 521 2865 atque
530 2785 615 2862 adeo,
626 2804 655 2848 ut
663 2787 773 2849 Plautus
784 2792 834 2862 ait,
844 2809 901 2847 ιιιοι
911 2789 970 2869 quis
971 2789 1093 2867 strigulus
1101 2789 1174 2867 escas
1184 2790 1300 2847 devorat.
1310 2784 1403 2864 Quod

438 2866 470 2930 Bi
489 2869 694 2945 proverbialiter
717 2870 821 2930 ditium
839 2868 1006 2931 Plutarcho:
1024 2870 1055 2930 δι
1071 2868 1157 2928 allusit
1175 2866 1280 2929 Seneca
1300 2864 1403 2946 episto·

344 3016 350 3027 ¹
424 2945 466 3006 fla
485 2966 529 3028 19.
557 2950 717 3029 Vr'sceratio,
737 2952 842 3032 inquit,
857 2951 917 3028 stne
934 2951 1038 3022 amica,
1054 2952 1113 3009 uita
1139 2952 1222 3007 leonis
1240 2971 1271 3008 ac
1288 2948 1344 3023 lupi
1359 2949 1402 3027 est.

438 3024 532 3087 Latius
554 3031 682 3111 equidem
698 3030 852 3113 ,divagatus
868 3029 937 3089 lum.
954 3029 1001 3088 sed
1017 3030 1050 3089 lit
1063 3028 1168 3089 ne'celle
1192 3029 1243 3086 fuit
1266 3048 1299 3087 ea
1315 3026 1404 3087 addu-

345 3178 346 3181 Ἴ
437 3127 522 3180 cere,
542 3130 604 3190 quae
616 3132 687 3190 opus
700 3109 785 3171 ellent
802 3112 838 3170 ad
859 3109 1032 3189 probandam
1054 3109 1242 3182 conjefluram
1265 3105 1404 3183 nostram,

439 3188 473 3248 &
491 3189 527 3247 ad
540 3210 573 3249 ea
590 3191 716 3250 diluenda
729 3232 737 3261 ‚
748 3210 811 3270 quae
822 3207 918 3250 contra
932 3186 1019 3268 objici
1035 3189 1149 3268 pollent.
1161 3187 1262 3267 Quare
1279 3189 1315 3247 de
1333 3186 1407 3246 Unt-

439 3267 501 3327 bria
522 3268 651 3331 intellexit
665 3270 775 3341 Varro,
797 3289 845 3330 aut
865 3271 940 3350 quod
959 3270 1020 3329 einh
1040 3268 1097 3330 rr‘r‘r
1115 3268 1242 3350 ίμβροι,
1264 3285 1311 3329 aut
1329 3267 1405 3348 quod

440 3347 549 3407 humilis
565 3351 625 3425 ejus
641 3348 722 3411 situs„
738 3352 796 3433 agit
812 3353 885 3411 enim
907 3351 941 3410 de
960 3351 1053 3412 humo.
1069 3352 1203 3411 ScrhtG.
1221 3351 1291 3411 Puto
1314 3350 1406 3431 legen·

442 3428 524 3489 dum:
548 3432 616 3509 Quae
636 3433 692 3491 abit
712 3433 826 3511 deorsum
842 3434 871 3490 r'rr
893 3450 959 3491 terra
977 3433 1074 3491 umbra.
1097 3432 1188 3491 Varro
1212 3430 1322 3490 deducit
1344 3452 1405 3487 um-

440 3509 512 3569 bram
527 3511 562 3570 ab
582 3512 684 3586 humo,
698 3534 733 3574 eo
748 3513 823 3594 quod
835 3511 962 3575 deorsum
980 3513 1052 3573 cadit
1064 3514 1094 3571 in
1106 3526 1225 3571 terram:
1245 3512 1286 3569 alii
1304 3511 1340 3568 ab
1355 3511 1405 3568 hu-

333 3630 337 3643 ·
442 3610 542 3662 more,
559 3592 635 3673 quast
655 3614 724 3655 veto
737 3616 835 3654 ornnes
849 3594 955 3653 umbrae
973 3593 1092 3653 huntidae
1107 3591 1168 3652 sint.
1189 3593 1257 3651 Abit
1273 3591 1405 3669 deorfirrrr‚
1521 3639 1522 3654 r

441 3691 472 3731 ut
490 3672 564 3733 Cato
583 3674 617 3735 de
640 3672 683 3744 Re
706 3674 769 3735 r'ull.
796 3677 853 3744 Ubi
868 3676 983 3754 deorsum
1009 3675 1098 3753 uersus
1116 3673 1174 3734 ibit.
1197 3672 1292 3733 Varro
1314 3670 1402 3731 infra:
1472 3745 1475 3754 Ι

448 3744 490 3813 llr
511 3754 592 3814 lucem
613 3775 712 3833 caperet
734 3758 857 3835 drorfirm.
872 3758 904 3816 dt
925 3756 973 3816 lib.
994 3774 1007 3814 t
1034 3755 1069 3813 de
1094 3754 1137 3815 Re
1154 3753 1219 3814 rust.
1240 3755 1297 3833 Qui
1315 3752 1404 3812 colunt

441 3835 557 3915 deorfirrrr
571 3838 656 3917 magis
672 3839 759 3919 ¹allatu
777 3838 911 3897 laborum.
933 3837 1061 3897 POPMA.

483 3916 530 3977 lin.
550 3937 597 3999 25.
620 3922 699 3981 Unde
715 3919 785 3997 sirmi
800 3921 896 3999 potest,
922 3919 1056 3997 Patrue]
1079 3916 1112 3978 ln
1132 3914 1278 3997 superioris
1299 3932 1405 3971 memo·

443 3995 491 4059 riae
516 3998 638 4075 exsulis,
658 4004 737 4063 Unde
753 4001 920 4083 surripere,
936 3999 1047 4062 Pureur.
1069 3996 1147 4079 Quae
1165 4018 1234 4060 veta
1247 3993 1286 4057 eil
1306 3992 1407 4061 leuto,

942 4261 948 4271 Ι
1031 4206 1046 4241 Ι
