3209 4967
359 474 1031 564 χΙΝΡΚΑΟΜΕΝΤΑ.
1138 521 1201 592 3u

557 720 565 730 ,
609 650 732 749 Pagina
759 673 841 752 245.
916 697 918 702 ,
973 745 977 754 ἱ

285 774 337 833 Aa
355 772 543 852 Sybaritanam
558 771 638 853 &c.]
656 770 817 854 Legendum
831 769 958 846 sortasse,
975 793 1081 836 anancae
1097 795 1115 836 a
1124 797 1207 858 popu.

247 852 283 912 lo.
301 854 348 913 Ad
366 855 559 936 Sybaritanam
577 853 699 934 praedam
725 851 911 926 accesserunt,
927 855 1030 936 inquit,
1052 871 1154 936 magna
1173 861 1206 924 ὅ(

266 935 362 994 tetiosa
377 935 462 1011 vasa,
478 958 496 996 a
512 935 618 1016 populo
634 933 770 1009 nobilium
787 931 1000 994 Tarentinarum
1017 938 1136 1000 urbium.
1149 936 1203 1020 Sy-

244 955 370 1076 baritana
386 1019 477 1098 ptaedu
496 1015 535 1076 est
548 1016 699 1096 elegans&
716 1015 862 1086 sumtuosa,
882 1031 912 1074 ut
931 1037 1022 1076 mores
1038 1019 1098 1092 ejus
1117 1022 1206 1120 gentis
1328 1063 1332 1068 -

243 1094 347 1169 lascivi,
365 1116 446 1180 atque
456 1096 618 1158 effeminati.
630 1098 755 1157 Anancae
768 1098 827 1155 sunt
838 1117 924 1170 utute,
934 1117 950 1156 a
959 1095 1063 1159 Graeco
1077 1100 1202 1181 dampna,

230 1174 238 1202 ⁷
265 1195 305 1235 uae
319 1177 359 1238 est
372 1196 443 1250 urna,
456 1179 604 1254 judicialis,
621 1178 669 1240 vel
689 1177 857 1258 clepsydra,
872 1177 938 1239 teste
957 1177 1113 1260 Hesychia.
1132 1181 1204 1244 unde

242 1195 416 1399 bngtngaeupr
430 1261 560 1406 lelum
579 1259 672 1398 ”mlle
687 1260 754 1318 dixit
768 1258 883 1400 plurib
898 1259 1043 1322 Rudente:

307 1362 365 1400 reo
402 1357 466 1400 erre
486 1362 611 1401 anancaeo
649 1357 725 1398 atum·
757 1359 790 1403 rto
845 1363 853 1398 t
885 1360 930 1400 ret.

243 1415 338 1482 Varro
355 1422 477 1493 indicat,
493 1421 659 1482 Tarentinos
673 1363 793 1482 habuisse
812 1410 890 1482 causa
917 1409 1047 1497 luxuriae,
1064 1423 1107 1484 cai
1124 1423 1204 1486 unice
1255 1483 1263 1525 t

241 1499 343 1576 dediti,
363 1504 444 1562 &ab
461 1504 513 1562 illis
531 1503 677 1563 Romanor
695 1501 847 1583 accepisse,
867 1501 983 1575 subtilis
994 1503 1122 1578 Thuriis,
1133 1526 1208 1586 quoe

240 1600 259 1638 a
275 1577 409 1661 Sybaritis
425 1585 574 1659 oriundos,
589 1585 708 1664 primurn
726 1580 1091 1664 Tarentini'oppresserunt,
1109 1586 1203 1666 postea
1228 1633 1230 1638 s

239 1658 362 1722 Romani
379 1666 554 1727 inditionem
572 1681 755 1744 receperunt,
771 1679 802 1723 ut
822 1663 916 1724 audior
938 1665 976 1725 esl
996 1663 1096 1726 Strabo
1114 1667 1160 1728 lib.
1174 1654 1205 1729 d.

281 1745 401 1805 Pellibus
429 1766 572 1829 regerentur
597 1745 696 1827 rogan]
720 1743 859 1813 Tollenda
889 1741 1025 1826 postrema
1052 1745 1142 1808 didlio.
1163 1747 1204 1809 est

232 1823 314 1883 'enim
334 1825 448 1904 Nonii,
464 1826 497 1891 ’δι
521 1828 558 1888 ab
574 1826 659 1906 ipsius
684 1826 778 1886 verbis
796 1824 968 1906 sequentibus
993 1827 1083 1906 inepte
1097 1827 1202 1888 avulsa.
1311 1869 1330 1896 1

240 1901 376 1984 loquitur
392 1923 485 1968 autem
500 1909 593 1968 Varro
610 1907 646 1966 de
664 1907 735 1969 velis
753 1903 944 1988 theatralibus,
957 1905 995 1984 de*
1013 1903 1111 1987 quibus
1128 1908 1204 1970 idem

239 1982 322 2044 refert
333 1985 438 2054 ,Plinius
454 1989 505 2048 lib.⁴
525 2009 570 2070 ¹9·
593 1985 742 2049 Carbastna
761 1986 861 2050 deinde
877 1989 940 2048 vela
958 1989 1061 2067 primus
1077 1989 1104 2046 in
1120 1991 1216 2051 rhea-t
1293 2057 1295 2060 ,

235 2077 284 2125 tro
303 2065 406 2143 dimisse
422 2069 536 2130 traditur
551 2066 681 2130 Lentulus
696 2067 841 2148 Spinther,
856 2069 1064 2151 Apollinaribus
1073 2069 1153 2132 ludis.

501 2239 504 2243 f
567 2193 617 2262 IN
641 2193 820 2266 tranunt
843 2193 899 2264 111.

607 2310 729 2408 Pagina
748 2315 830 2402 246.
879 2309 881 2318 ’
970 2387 972 2392 ,

277 2432 352 2490 Nam
368 2432 456 2514 postea
477 2434 506 2494 C.
523 2433 644 2492 lunaria
668 2433 749 2512 δια]
772 2428 971 2495 scribendum:
990 2435 1065 2495 Nam
1078 2436 1168 2516 postea
1181 2461 1202 2497 n

230 2513 269 2572 si.
285 2515 415 2584 Lutatio,
434 2514 559 2592 Consule,
577 2515 615 2573 ad
633 2515 751 2596 AEgatr's
773 2513 892 2595 insulas,
912 2534 970 2574 cum
985 2517 999 2572 r·
1011 2516 1042 2594 se
1063 2518 1200 2596 catapulta

234 2593 302 2654 irtus
317 2594 419 2674 abeffet.
438 2593 527 2669 Cajus
540 2594 666 2654 Luranius
676 2593 794 2656 Catulus
805 2593 909 2655 Consul
921 2617 987 2656 cum
995 2538 1136 2658 bollumio
1149 2598 1200 2660 Al.

232 2673 312 2745 bino,
328 2695 404 2736 anno
420 2675 459 2743 U.
473 2673 511 2737 C.
527 2673 780 2748 DXl,eommilso
791 2675 865 2754 apud
882 2675 995 2757 AE'gates
1006 2676 1101 2738 insulas
1114 2699 1200 2740 nava.

227 2753 253 2819 li
270 2755 379 2834 proelio,
397 2753 530 2838 insignem
540 2755 685 2817 visionam
700 2757 736 2816 'de
752 2754 844 2816 Poenis
855 2757 983 2832 obtinuit,
998 2759 1028 2820 dr
1038 2759 1200 2840 gravissimo

137 2887 143 2896 .
232 2835 308 2896 bello
325 2833 428 2898 Punico
446 2839 537 2918 primo
556 2835 640 2907 sinent
659 2836 798 2916 imposuit.
813 2836 857 2898 Ex
874 2857 930 2918 quo
949 2859 1013 2899 cum
1029 2841 1199 2922 triumphuni

232 2931 358 2996 peteret,
373 2913 464 2979 restitit
479 2916 523 2997 Q.
538 2918 669 2980 Valerius
689 2934 808 2998 prator,
823 2920 855 2980 ὅ(
872 2917 1018 2998 sponsione
1040 2922 1198 2996 contendit,

183 2993 188 3003 ’
232 2996 283 3058 fibi
297 3000 341 3073 jus
352 2999 543 3080 triumphandi
557 3016 728 3080 competere,
744 2999 837 3079 quod,
847 2999 913 3070 dtun
924 3001 1053 3080 proelium
1069 3005 1200 3065 commis·

232 3078 294 3138 sum
313 3078 394 3154 effer,
410 3080 506 3142 e'onsul
523 3082 551 3139 in
569 3079 642 3140 letto
663 3079 849 3153 decubuisset,
866 3078 923 3159 ipse
940 3100 1039 3161 praetor
1056 3085 1198 3146 ronflixis.

179 3202 181 3207 -
233 3157 290 3221 set:
311 3160 358 3221 sed
377 3163 490 3222 Attiliua
514 3161 657 3224 Calatinus
675 3163 762 3238 judex
787 3159 938 3242 sponfionie
957 3161 1110 3238 judicavit,
1125 3187 1197 3248 qno·

233 3240 307 3300 niam
332 3241 450 3303 consulis
475 3245 593 3324 imperio
618 3244 650 3303 ὃ(
666 3242 790 3323 auspicio
817 3242 934 3302 secunda
960 3263 1058 3326 pugnae
1086 3245 1198 3310 fortuna

233 3322 384 3396 evenisset,
402 3323 525 3399 ejusdem
542 3327 575 3386 δι
587 3326 631 3400 jus
649 3323 836 3405 triumphandi
851 3321 912 3385 esse.
927 3323 1021 3404 Itaque
1039 3345 1116 3388 anno
1132 3351 1201 3410 pro·

233 3404 311 3469 ximo
330 3405 458 3465 navalem
468 3407 644 3487 triumphum
658 3405 822 3488 proconsule
839 3407 902 3486 egit.
921 3405 960 3466 Er
977 3408 1030 3466 hoc
1045 3407 1103 3479 est,
1117 3413 1196 3490 quod
1227 3454 1230 3462 ·
1292 3455 1297 3466 ,

231 3485 269 3542 ait
287 3485 396 3548 Varro:
412 3485 441 3544 A
459 3485 495 3547 C.
516 3488 628 3548 Lutatio
647 3486 758 3548 consule
783 3488 818 3547 ad
830 3487 955 3569 'AEgates
971 3484 1070 3550 insulas
1092 3491 1198 3554 Poenos·

229 3562 377 3644 derideo,
398 3567 533 3648 cumipse
551 3569 688 3651 catapulta
709 3568 780 3629 isius
797 3568 898 3650 proelio
913 3587 971 3629 non
990 3569 1154 3638 interfuisset.

497 3690 501 3696 ’
599 3685 723 3784 Pagina
753 3710 834 3782 247.
932 3707 933 3712 ’

228 3809 232 3819 ’
272 3805 349 3864 Nan
369 3804 499 3867 Materni
523 3805 553 3865 rn'
582 3816 660 3886 am]
686 3807 841 3868 Mercurius
868 3804 991 3900 gestabat
1018 3805 1126 3886 virgam
1144 3825 1193 3866 au·

78 3908 80 3969 ξ
129 3965 132 3969 7
229 3906 315 3946 ream.
344 3884 421 3946 unde
439 3885 641 3968 χρυσόρραπις
657 3885 753 3973 ‘spirit
775 3903 995 3973 cognonunatus.
1010 3885 1091 3969 Virg.
1111 3886 1158 3952 lib.
1171 3905 1209 3961 4.

196 3965 558 4050 'dfitnirl-exllomero:
672 4012 675 4016 -
754 3992 768 4019 ο
909 4019 1065 4142 ιη,
