3209 4967
453 521 573 620 '9⁶'
782 516 1076 595 NOTAE

333 716 337 722 ·
447 686 585 749 Saliorum
599 683 658 745 suit.
673 681 759 745 Erant
776 686 851 746 eninr
875 682 1023 745 allamenta
1042 683 1185 761 Janualia‚
1201 685 1340 762 junonie,
1358 688 1416 751 Mi·

448 770 564 841 nmvie,
586 770 667 848 priva
696 782 828 847 poemata
847 768 880 829 &
901 766 1044 839 carmina,
1062 768 1090 825 in
1113 766 1234 848 singulos
1256 790 1307 831 eos
1330 769 1415 833 Deos

448 848 613 932 conscripta.
631 847 721 929 Quod
739 870 809 912 uero
829 851 869 908 ait
886 847 1016 923 Nonius,
1033 846 1116 907 assam
1159 868 1250 929 uoque
1271 872 1288 909 a
1307 853 1344 911 ud
1361 872 1414 913 ve-

446 948 520 992 teres
539 928 701 1013 srgn'rsicalle
713 931 865 1003 nutricem,
882 929 964 1011 idque
983 927 1124 989 difficilise
1148 950 1163 989 e
1183 930 1272 991 intelle
1300 954 1348 1003 os,
1363 954 1413 993 ne·

445 1032 503 1093 que
523 1012 559 1072 ad
570 1033 631 1073 eam
650 1031 709 1071 rem
724 1012 810 1071 ullum
830 1028 957 1071 veterum
982 1009 1109 1092 producit
1125 1008 1238 1075 testem:
1258 1012 1286 1071 id
1304 1034 1355 1075 nos
1370 1015 1416 1072 in·

448 1092 578 1161 venimus
596 1094 661 1153 alibi
676 1093 749 1172 apud
772 1092 891 1153 eundem
912 1094 1123 1173 grammaticum
1141 1094 1169 1149 in
1185 1093 1313 1174 exemplo
1330 1096 1414 1155 Var-

446 1176 523 1234 ronis
542 1174 580 1235 ab
601 1195 637 1233 eo
656 1173 793 1246 addulio‚
806 1194 870 1233 cum
889 1174 969 1248 huius
989 1174 1068 1233 verbi
1083 1175 1174 1233 Berere
1192 1176 1411 1237 notionem'ex-

445 1256 552 1337 plicat,
572 1255 639 1335 Affe
655 1278 709 1314 non
724 1255 805 1315 multo
824 1258 899 1334 poll,
921 1258 993 1334 quod
1004 1278 1035 1315 ea
1048 1270 1138 1333 parere
1154 1276 1208 1312 nort
1220 1274 1325 1334 poterat
1345 1279 1408 1317 mu·

446 1336 513 1409 lier',
532 1359 588 1397 cum
607 1337 687 1397 herere
706 1335 787 1416 soros
805 1336 886 1417 juffir.
909 1334 1002 1397 Hodie
1029 1338 1102 1395 enim
1125 1336 1176 1413 'per
1213 1356 1272 1395 ram
1293 1338 1412 1419 legitur,

447 1416 521 1497 Affa
541 1438 589 1477 nos
605 1418 720 1489 multos,
735 1418 817 1478 eriam
831 1423 857 1475 in
876 1436 960 1479 manu
978 1416 1027 1476 scri
1048 1436 1094 1489 to,
1106 1435 1164 1496 quo
1200 1417 1269 1477 vidi.
1295 1418 1353 1479 Ubi
1367 1436 1411 1480 ta·

440 1507 512 1568 meir
533 1498 587 1559 alla
612 1520 671 1558 non
691 1497 731 1559 est
752 1501 867 1572 nutrix,
885 1498 934 1557 sed
957 1439 1217 1570 adsederentur,
1242 1518 1271 1559 ut
1289 1516 1408 1561 vocatur

445 1581 482 1640 ab
498 1579 633 1653 Afrum,
645 1599 706 1661 que
721 1578 817 1640 allidet
831 1580 916 1641 soetae.
933 1578 1106 1659 ἀναγέτριαν
1125 1579 1265 1641 uocabant
1279 1578 1409 1643 Tarenti·

442 1662 483 1723 ni.
507 1659 680 1743 Hesychius:
697 1660 889 1745 Ἀνιιγότρια,
907 1654 921 1722 ir
940 1660 1007 1722 ruis
1032 1658 1203 1723 τικτούσης
1226 1654 1405 1743 imperuim

444 1740 545 1825 puri,
561 1742 592 1805 ἣν
608 1742 733 1803 Ἀττικοὶ
753 1742 847 1821 μαῖαν
867 1738 1014 1803 καλοῦσιν.
1033 1742 1128 1823 ltaque
1145 1741 1225 1821 supra
1244 1743 1318 1822 apud
1338 1765 1407 1805 eun-

442 1826 509 1886 dem
526 1824 598 1885 male
610 1825 726 1905 legitur,
745 1823 924 1907 diupei-‘cpit
934 1820 1021 1903 μάζα
1030 1869 1042 1895 ,,
1053 1823 1222 1905 Ταραντῖνοι.
1240 1826 1319 1905 lege,
1333 1824 1406 1886 dret-

440 1907 562 1988 yerplr‚
578 1905 667 1983 patio.
685 1903 873 1966 Obstetricem
890 1922 1025 1965 vocarunt
1042 1904 1118 1966 aliter
1135 1905 1243 1978 Latini,
1255 1906 1331 1986 quod
1348 1906 1406 1966 ob·

440 1987 512 2048 stare
523 1984 707 2067 *ptoaffistere
724 1984 904 2067 usurpabant:
920 2004 950 2047 ut
969 1984 1183 2046 Ennioroccenst
1203 2006 1255 2068 pto
1268 1986 1401 2063 adceost,

320 2134 326 2141 ,
440 2069 475 2130 dt
491 2068 667 2140 obmoveto,
688 2087 741 2145 pro
755 2070 929 2139 admoveto,
950 2068 1160 2130 &c.SCrtL1G.

482 2147 528 2210 liu.
549 2168 594 2210 12.
621 2149 736 2229 Versus,
753 2169 818 2228 quos
836 2150 899 2208 olim
922 2151 1037 2231 Fauni]
1054 2146 1172 2209 Enniusr

623 2229 869 2310 —scripsere
890 2230 940 2289 alii
956 2252 1007 2289 rem

438 2316 442 2323 '
481 2310 615 2389 Verfibu',
635 2330 700 2389 quos
720 2309 782 2369 olim
801 2310 910 2384 Fauni,
932 2313 1051 2392 ootefipue
1072 2310 1218 2387 canebant:
1242 2360 1244 2375 .

482 2394 548 2453 Cum
569 2412 648 2474 neque
668 2393 807 2472 Musarum
821 2391 945 2473 scopulos
965 2394 1101 2474 quisquam
1114 2393 1271 2475 superarat,

480 2476 539 2534 Nec
558 2475 621 2534 dicti
633 2475 767 2554 studiosus
785 2490 849 2533 erat.
862 2507 897 2520 -

438 2554 504 2615 Hoc
524 2553 627 2615 Ennius
640 2553 824 2631 jactabundus
840 2556 923 2615 tacite
939 2553 1004 2635 jacit
1017 2554 1044 2613 in
1057 2550 1190 2615 Naevium
1206 2571 1339 2636 poetam,
1353 2560 1399 2638 qui

436 2635 563 2697 Saturnio
576 2637 699 2697 carmine
716 2634 864 2698 secundum
878 2636 980 2695 bellum
996 2636 1129 2697 Punicum
1142 2636 1290 2719 scripserat.
1307 2636 1397 2717 Quod

260 2707 265 2715 ’
313 2782 318 2795 .
434 2736 522 2859 gnus
542 2720 667 2778 carminis
681 2719 718 2775 ait
734 2717 802 2776 olim
820 2732 897 2777 vates
914 2720 945 2779 dc
959 2716 1071 2777 Faunos
1090 2736 1188 2778 canere
1207 2716 1311 2793 solitos,
1322 2722 1397 2801 quod

486 2797 696 2860 vetustiffimum
713 2797 743 2856 id
763 2796 845 2857 suerit
866 2798 939 2877 apud
957 2796 1086 2869 Latinos,
1104 2795 1181 2859 sicuti
1199 2795 1329 2861 Saturnus
1347 2820 1397 2861 ve·

433 2877 591 2939 tustiffimus
612 2880 699 2941 Deus.
718 2878 802 2941 Unde
828 2878 990 2953 verisimile,
1013 2878 1125 2939 Faunos
1147 2877 1308 2941 Latinorum
1328 2884 1396 2965 (qui

434 2980 513 3020 erant
533 2977 564 3019 ut
584 2960 664 3055 Magi
685 2959 842 3031 Persarum,
862 2960 892 3021 &
917 2960 1001 3021 Bardi
1024 2956 1190 3042 Gallorum)
1218 2960 1273 3023 hoc
1296 2983 1396 3045 genere
1508 3054 1509 3061 ἵ

431 3042 562 3104 carminis
576 3042 627 3103 sarr
644 3043 755 3103 oracula
773 3039 820 3103 sua
839 3042 940 3101 solitos.
957 3043 1092 3105 SctLIG.

407 3172 423 3204 χ
472 3125 520 3185 lin.
543 3145 587 3201 ¹7·
599 3125 630 3183 A
639 3125 754 3202 rerfibus
773 3124 919 3202 mendcio]
933 3122 1069 3183 Mendum
1080 3119 1128 3183 ell.
1142 3120 1272 3203 Suspicor
1289 3126 1395 3206 vagien-

427 3206 480 3265 dr‘s.
498 3206 636 3269 Sermo.

470 3287 517 3346 lin.
544 3288 590 3348 18.
621 3288 732 3367 Corpore
753 3284 895 3346 Tartarino
923 3301 1054 3365 prognata
1071 3284 1184 3424 palude
1202 3285 1336 3369 virago]
1360 3286 1392 3349 ln

430 3367 485 3427 hoc
499 3367 581 3426 versu
591 3370 692 3448 antiqui
708 3382 816 3449 poetae,
833 3365 884 3426 etsr
897 3366 1056 3425 Varronem

1083 3364 1185 3446 ospicio
1201 3368 1233 3427 δι
1251 3387 1389 3441 revereor,
1504 3418 1505 3429 ,

427 3457 525 3530 palum
557 3467 650 3509 tamen
671 3447 773 3523 abest,
796 3449 861 3527 quin
888 3467 987 3529 putem·
1011 3466 1076 3507 eum
1100 3446 1318 3522 hallucinatum,
1343 3451 1390 3531 qui

425 3529 539 3608 quidem
557 3530 682 3605 paludum
700 3530 856 3610 paludatam
876 3531 1080 3609 interpretetur,
1099 3548 1202 3589 vocem
1225 3530 1330 3591 secutus
1349 3534 1389 3592 vi·

424 3611 531 3671 tiosam.
554 3608 654 3691 Neque
670 3613 744 3672 enim
762 3609 849 3670 Latini
870 3610 1000 3672 sermonis
1021 3609 1189 3669 consuetudo
1208 3612 1264 3691 pati
1282 3612 1338 3673 hoc
1349 3614 1389 3672 vi-

424 3691 503 3752 detur
523 3691 616 3769 polle,
630 3711 661 3753 ut
677 3694 803 3773 paludum
818 3713 870 3773 pro
885 3692 1013 3772 paludato
1030 3692 1181 3772 loquamur.
1198 3692 1230 3751 δι
1245 3710 1329 3786 poeta
1344 3693 1386 3754 ille
1499 3748 1501 3757 ,

422 3772 553 3853 scripsrlle
572 3775 665 3853 potius
684 3774 812 3847 videtur,
821 3792 952 3853 prognata
967 3773 1073 3852 palude.
1093 3771 1209 3833 Constat
1227 3774 1387 3853 enrm2,Mi·

421 3874 539 3915 nervam
552 3856 588 3915 ad
601 3852 776 3916 Tritonidem
796 3854 925 3935 paludem
942 3872 1035 3914 natam
1053 3851 1147 3927 soille,
1161 3871 1194 3915 ut
1210 3874 1244 3914 ea
1259 3853 1318 3915 sere
1337 3877 1386 3935 pa.

421 3936 484 3996 lude
495 3956 629 4017 prognata
649 3938 793 4011 videatur,
808 3936 853 3995 sed
869 3952 960 3996 tamen
971 3935 1017 3999 ,ses
1032 3934 1143 4010 nonsit,
1157 3938 1251 3997 aranti
1271 3935 1384 4016 scripto·

421 4015 460 4077 ris
483 4018 614 4088 sententia
636 4018 772 4083 recedere·
793 4016 948 4083 TURNEB.
970 4016 1056 4081 Purus
1073 4036 1154 4100 putus
1181 4016 1384 4081 Helleniltnus:

1498 3770 1501 3842 l
