3209 4967
421 538 490 613 ¹50
759 462 1156 583 ΝΟΤιΕΙ

417 669 504 752 Vulg.
520 669 561 727 Et
581 697 616 716 -
635 664 758 726 Atticum
780 668 850 728 illud
864 667 922 731 dte.
943 667 999 729 Hic
1023 666 1087 729 sane
1109 665 1148 729 est
1172 666 1249 729 lorus
1268 669 1389 744 unicus,

416 770 502 830 quern
523 749 571 829 qui
585 748 734 823 emendet,
751 748 776 811 is
797 768 929 831 magnam
953 751 1068 831 gratiam
1085 771 1103 809 a
1121 748 1244 809 {ludiosis
1264 751 1388 813 iniverit.

416 831 494 893 Nam
508 829 585 911 quod
600 830 700 894 leviter
715 830 876 891 immutatus
894 830 977 891 estin
995 830 1125 891 Romana
1143 830 1280 905 editione,
1298 833 1388 912 potuit

416 908 526 975 sustolle
543 912 626 993 recipi
641 910 803 971 conedoris
826 913 1004 974 audoritate:
1023 934 1080 973 non
1100 930 1192 973 tamen
1209 912 1265 986 ita,
1280 928 1310 973 ut
1328 934 1388 973 non

416 993 451 1055 8(
467 992 560 1053 nostra
583 992 757 1073 emendatio,
772 1014 856 1075 quarn
875 1015 971 1053 verant
989 991 1113 1074 praellare
1133 992 1297 1073 pollumus,
1324 993 1390 1054 lon-

416 1094 453 1156 ge
471 1073 636 1156 ptaefetetur.
653 1074 808 1135 Audiamus
824 1096 892 1155 ergo
908 1075 1086 1149 Varronem,
1103 1076 1180 1137 Hinc
1194 1074 1322 1154 uisenda,
1340 1075 1391 1133 in-

416 1156 493 1236 quit,
509 1157 663 1236 nigriano,
678 1156 820 1247 vigilium:
837 1154 864 1215 te
880 1158 1016 1229 invident,
1031 1158 1076 1229 e,
1093 1156 1193 1217 Vitium
1208 1156 1253 1215 illi
1272 1156 1392 1231 obtulit,

417 1237 551 1311 violarit,
574 1239 645 1316 quod
660 1237 753 1299 incidit
774 1238 803 1295 iu
822 1240 970 1299 videndum.
993 1237 1074 1300 Cedo
1102 1236 1137 1299 sts
1160 1236 1228 1297 mihi
1247 1235 1388 1319 jndicem,

417 1321 448 1379 ni
470 1340 540 1380 veto
560 1319 673 1379 vincam
698 1318 759 1379 lraec
780 1320 825 1378 ita·
843 1317 916 1389 elle,
938 1321 1005 1379 nive
1027 1320 1098 1381 male
1113 1318 1156 1378 alii
1173 1319 1232 1379 haec
1256 1336 1390 1380 mutave·

338 1421 341 1429 ¹
416 1417 488 1462 rant.
503 1397 616 1464 Offerre
635 1417 728 1461 autern
744 1402 847 1461 vitium
864 1400 895 1461 dt
908 1399 1050 1480 stuprum,
1062 1411 1120 1459 tam
1141 1401 1234 1459 tritum
1252 1398 1292 1459 est
1312 1400 1389 1479 apud
1433 1444 1439 1451 -

372 1491 379 1506 '
417 1483 549 1562 antiquos
571 1480 736 1561 scriptores,
754 1499 785 1541 ut
806 1481 932 1563 exempla
951 1482 1084 1563 superflua
1102 1480 1192 1541 fututa
1212 1480 1271 1543 fint.
1298 1479 1392 1541 Facile

419 1584 493 1623 veto
509 1560 560 1624 fuit
576 1582 611 1623 ex
632 1562 743 1637 uitium,
758 1565 886 1623 Atticum,
901 1560 997 1625 facete.
1016 1565 1056 1623 At
1079 1563 1208 1624 Romana
1224 1563 1308 1623 editio
1326 1566 1391 1623 At-

417 1645 524 1710 tiuunt
551 1641 619 1707 Non
644 1662 729 1727 puto,
745 1646 783 1704 ita
805 1644 933 1724 exempla
954 1666 990 1705 ex
1006 1646 1085 1704 Attio
1106 1646 1184 1707 citari
1208 1644 1392 1723 apudullum

417 1725 525 1786 bonum
539 1725 696 1800 audotem,
711 1745 744 1787 trt
757 1747 793 1787 ex
807 1726 887 1787 Attio
901 1743 986 1807 poeta
997 1727 1137 1786 Aniacum
1148 1725 1295 1787 deducant.
1310 1723 1391 1785 Nam

418 1809 511 1889 potius
531 1807 677 1881 Attianum
691 1807 839 1871 dicendum
858 1825 924 1871 emt.
946 1806 1009 1889 Ego
1024 1804 1143 1879 sane,sr
1165 1805 1233 1865 nihil
1250 1806 1324 1898 aliud
1340 1826 1393 1887 po·

212 1905 216 1914 '
294 1932 299 1939 ·
417 1886 545 1959 mittem,
571 1890 695 1954 Atticum
716 1888 782 1949 illud
807 1888 990 1951 retinuillem:
1011 1887 1087 1971 quod
1105 1886 1268 1949 Latinorum
1291 1888 1392 1951 vitiare.

1094 1966 1101 1989 Ι

419 1971 575 2051 virginem,
591 1971 728 2034 imitatum
743 1969 782 2031 est
802 1991 838 2032 ex
856 1972 961 2039 Attico,
981 1971 1152 2052 dreoitetpeu
1173 1967 1223 2032 ‘rili
1238 1970 1390 2052 παρθένου.

420 2048 458 2115 Et
470 2050 575 2111 violare
589 2054 748 2143 virginem,
760 2051 926 2132 βάζεσῧαι.
944 2052 1019 2113 Nam
1033 2069 1095 2131 quae
1112 2052 1179 2112 dicit
1196 2054 1224 2110 in
1242 2050 1394 2131 rregoedia,

422 2134 474 2191 Me
488 2133 617 2210 quondam
634 2133 748 2199 invitam
770 2134 888 2211 pervim
904 2134 998 2195 violat.
1012 2132 1133 2213 Iuppiter
1151 2135 1216 2191 bone
1232 2132 1342 2191 violat?
1359 2131 1394 2190 il·

420 2212 466 2282 le,
483 2212 614 2292 inquam,
628 2231 689 2292 quae
703 2212 758 2275 hoc
770 2213 854 2283 dicit,
869 2232 1013 2294 acceperat
1028 2234 1082 2293 pro
1102 2233 1200 2294 cogere
1209 2215 1250 2277 -&
1269 2212 1391 2293 adigete,

420 2292 500 2373 quod
514 2294 546 2355 dt
562 2290 664 2353 Graece
677 2313 715 2374 qu
772 2314 789 2355 e
806 2292 970 2375 βιάζεσὲαιι.
987 2297 1031 2355 At
1041 2298 1074 2368 is,
1088 2296 1135 2373 qui
1151 2293 1312 2373 respondet,
1320 2301 1395 2373 Jup.

350 2408 355 2417 ·
415 2376 485 2453 pitet
500 2374 565 2433 bone
583 2375 692 2451 violet?
708 2397 747 2437 ve
776 2374 873 2449 sciens,
889 2376 935 2437 vel
948 2376 1110 2456 imprudens
1124 2374 1294 2437 aliovorsum
1309 2378 1395 2435 inter.

383 2498 395 2519 s
440 2456 542 2519 retatus
555 2453 609 2530 est,
619 2456 650 2517 &
665 2477 717 2539 pro
729 2456 808 2519 foedo
824 2457 913 2519 verbo
929 2457 1047 2536 accepit.
1064 2455 1164 2535 Quare
1177 2476 1346 2537 quaetunque
1362 2457 1393 2517 il.

420 2476 449 2599 li
465 2535 515 2613 est,
531 2538 561 2597 in
581 2539 643 2597 anci
665 2540 695 2597 iti
709 2539 799 2600 verbo
815 2532 979 2615 winerat
996 2537 1141 2609 commisit.
1161 2540 1244 2617 Quod
1255 2539 1350 2597 inridit
1363 2540 1395 2597 in

421 2620 580 2692 videndum,
596 2560 686 2678 lorido
701 2620 775 2681 haud
787 2620 948 2680 mutandum
969 2617 1017 2680 est.
1031 2619 1062 2681 ἐκ
1079 2616 1131 2680 τοῦ
1148 2618 1212 2700 ὃρᾷν
1229 2618 1344 2701 γίνεται
1359 2622 1394 2679 ro

353 2726 357 2730 ·
421 2696 495 2781 ὅρᾷν.
511 2697 648 2766 Serme.
665 2700 742 2762 ldem
753 2722 805 2781 pto
820 2702 920 2761 oblivio
934 2700 1005 2760 lavet
1017 2703 1147 2781 intnarg.
1159 2701 1317 2760 obviolauit.
1334 2699 1391 2760 Pru
1449 2709 1452 2717 '

385 2823 393 2839 .
424 2782 545 2841 Atticum
564 2781 678 2862 legerim
694 2784 842 2861 antiquum.
867 2802 932 2843 nam
950 2800 1063 2863 propter
1078 2781 1239 2847 affinitatem
1254 2783 1395 2843 literarum

424 2860 453 2923 C
470 2862 500 2922 dt
514 2860 576 2941 Qu.
591 2862 721 2942 scripturn
743 2863 792 2923 fuit
809 2864 940 2939 anticum,
961 2865 1037 2945 quod
1050 2864 1192 2946 migravit
1207 2864 1236 2920 in
1252 2862 1394 2923 Atticum:

424 2960 472 3017 ut,
490 2945 602 3004 Serrano
616 2944 699 3024 noster
715 2946 828 3006 Attirlts
847 2946 943 3007 rivalis
964 2948 1057 3019 horto,
1081 2966 1151 3027 pro,
1170 2946 1301 3024 antiquus.
1324 2962 1395 3002 con·
1435 2972 1441 2981 ·

296 3098 301 3105 ι
421 3018 466 3085 tra
487 3022 562 3087 Livii
584 3024 631 3085 lib.
654 3046 710 3107 37,
728 3028 795 3087 Non
817 3046 873 3106 que
891 3027 922 3119 in
932 3028 993 3107 solo
1009 3028 1085 3087 modo
1104 3024 1211 3103 antiquo
1221 3024 1303 3101 sunt,
1323 3044 1394 3103 pto,

422 3105 529 3167 Attico.
545 3103 639 3187 Porto*
657 3108 711 3171 hoc
739 3126 850 3170 carmen
868 3124 1010 3187 antiquum
1032 3106 1126 3166 Varro
1148 3103 1282 3177 dilaudat,
1298 3121 1329 3163 ut
1344 3126 1394 3165 ce·

422 3186 500 3249 lebre
519 3186 691 3265 temporibus
709 3188 775 3262 illis,
793 3190 825 3251 δι
843 3188 919 3269 vulgi
942 3186 1067 3250 sermone
1090 3186 1238 3261 jalinum,
1252 3205 1318 3245 cum
1334 3186 1393 3247 vel-

422 3268 479 3328 lent
505 3265 657 3349 srgnificate
680 3289 794 3332 omnem
824 3266 961 3329 didlotum
990 3266 1182 3347 indorumque
1209 3263 1395 3327 offensionem

423 3344 499 3430 quad
514 3365 647 3430 perpetua
660 3350 804 3412 oblivione
821 3348 995 3410 obruendam
1015 3346 1078 3410 elle.
1098 3348 1270 3407 Invidendum
1284 3348 1328 3405 hic
1354 3343 1394 3409 est

424 3427 501 3511 quod
524 3430 677 3503 invidetur,
696 3431 744 3496 vel
760 3432 804 3493 cui
829 3430 942 3487 invideri
962 3432 1050 3509 potest.
1070 3429 1143 3491 Mox
1167 3426 1287 3487 Violavit
1304 3428 1394 3508 virgi-

424 3531 499 3581 nem,
516 3509 593 3592 quali
611 3513 671 3591 visu
686 3513 776 3587 lauit,
792 3511 821 3573 id
836 3508 895 3584 est,
909 3510 1032 3591 profudit
1044 3511 1135 3571 vilunt
1149 3512 1174 3569 in
1190 3510 1346 3589 virginem,
1364 3528 1395 3570 ut

334 3603 339 3610 '
424 3590 560 3665 lacrimis2
578 3590 706 3675 sanguine
721 3594 834 3670 lavere,
852 3593 928 3672 apud
949 3610 1055 3672 poetas.
1075 3613 1140 3651 narn
1163 3590 1394 3649 amor-'excitatur
1510 3582 1511 3639 ἶ

324 3718 328 3725 .
424 3671 501 3748 visu,
519 3693 608 3755 aquo
624 3675 720 3739 Varro
733 3676 831 3755 repetit
848 3689 967 3753 etymon
987 3672 1066 3733 verbi
1086 3672 1204 3748 violare,
1219 3691 1285 3735 eum
1299 3686 1394 3735 tamen

423 3751 458 3822 fit
474 3756 533 3818 avi
541 3803 553 3829 ,
566 3752 642 3837 qudsr
662 3757 692 3816 vi
713 3756 841 3817 involare.
870 3754 1002 3818 POPMA.

464 3834 513 3897 lin.
533 3858 558 3919 ς.
576 3840 640 3901 Cion
656 3838 761 3899 muliere
772 3834 877 3925 fi‘lll‘d
898 3839 931 3897 nl
948 3832 1076 3897 συνεῖναι.
1091 3833 1200 3897 Plautus
1218 3832 1393 3915 Mercatore:

466 3918 512 3977 Ea
529 3924 598 3977 ridde
614 3941 709 3978 mecum
728 3919 841 3999 hospitis
850 3916 924 3997 Juffit
935 3917 1001 3994 ficit.

422 3993 485 4061 Nec
502 3998 644 4078 diffinite,
660 4000 737 4087 quod
750 4000 848 4065 dicunt
866 3998 993 4064 mulieres
1013 3998 1042 4060 in
1068 3994 1233 4063 Cistellaria:
