3209 4967
374 557 442 647 m
713 553 1006 626 norm

370 735 436 781 men
452 712 638 789 eonjetturem
652 733 765 786 meam,
781 712 869 792 qualis
882 711 969 793 qualis
987 732 1019 773 ea
1035 709 1084 789 stt,
1098 729 1267 790 proponam.
1289 711 1342 775 vt·
1380 731 1385 739 ·

343 846 345 849 .
371 796 493 857 (lendum
508 813 592 880 ergo,
609 815 645 854 an
661 795 713 887 legi
730 793 830 876 poffit:
846 799 918 855 Sum
932 791 959 852 6·
973 795 1007 853 ab
1018 792 1130 872 fhlemrri
1146 795 1217 866 ritu,
1233 796 1341 876 Nexum

371 879 401 938 iu
418 898 489 952 rem,
506 878 615 938 Ne'xum
632 877 662 936 itt
677 875 827 957 judicium,
844 895 900 948 αις
918 877 951 934 ob
971 875 1002 934 id
1021 874 1118 948 Nerei,
1134 875 1217 934 artati
1231 877 1260 934 iu
1276 875 1341 934 *cot-

371 959 435 1018 lere.
458 958 735 1052 NexumnMuniliun
753 955 867 1018 Nexum
886 975 923 1016 aes
950 953 1092 1050 dicebatur
1115 957 1251 1036 pecunia,
1277 973 1341 1036 quae

370 1057 495 1181 {titt
509 1033 1261 1214 {Jizttfffftsst‘tni‘nizffit{igniti
1273 1056 1341 1178 iii

295 1283 300 1292 Ι
371 1200 464 1276 Nerei,
483 1203 529 1342 epti
549 1218 663 1284 propter
685 1220 723 1263 aes
741 1200 860 1260 ahenum
886 1199 1132 1280 compingebantur
1158 1200 1187 1257 in
1209 1219 1340 1268 nervum.

371 1280 484 1344 collare
514 1284 538 1342 ic
554 1282 627 1343 idem
645 1280 707 1356 est,
769 1282 808 1341 od
824 1302 926 1349 nervus
942 1282 972 1341 in
995 1279 1054 1344 XII
1067 1279 1142 1344 Tab.
1166 1280 1273 1341 Vincite
1294 1295 1341 1341 aut

373 1384 451 1424 neruo
469 1384 518 1424 aut
533 1364 705 1445 compedibus.
751 1377 860 1426 OPMA.

413 1457 474 1520 ead.
491 1457 535 1517 Ita
549 1456 659 1536 trude]
674 1456 717 1516 Ira
741 1459 866 1532 rudebat,
887 1452 998 1518 videtur
1015 1453 1041 1516 le
1061 1453 1174 1517 endum.
1196 1452 1341 1536 Suspicor,

371 1536 530 1597 Varronem
547 1539 666 1611 rudebat,
684 1551 737 1618 pro
750 1537 952 1620 grundibat,in
966 1473 1081 1600 Caeciio
1096 1535 1194 1618 legisse.
1210 1535 1341 1598 Nonius:

373 1619 469 1678 Etiam
484 1618 615 1678 homiuum
634 1617 682 1698 effe
693 1620 845 1700 grunnitum
867 1617 988 1680 cecilius
1012 1618 1104 1676 imbris
1123 1620 1247 1696 defigitur.
1264 1616 1341 1696 Quae
1459 1665 1461 1668 .

372 1699 462 1758 verba
479 1697 582 1760 Caecilii
604 1699 786 1762 desiderantur
805 1703 833 1760 in
850 1699 965 1774 Nonio,
985 1719 1018 1759 ea
1038 1698 1153 1781 protulit
1169 1697 1349 1773 Diomedes,'

373 1777 422 1840 sed
437 1779 536 1842 fabulae
556 1801 614 1842 non
637 1783 781 1845 meminit:

557 1865 726 1924 ---ite
741 1881 847 1924 eruente
865 1883 907 1924 ore
924 1861 1067 1944 grundibut
1082 1860 1167 1943 miser.

372 1957 494 2019 Videtur
514 1957 590 2019 hunc
603 1961 696 2020 iocum
714 1952 864 2041 intelligere
881 1957 993 2020 Varro:
1012 1957 1059 2020 sed
1079 1953 1188 2020 rudebat
1201 1978 1253 2039 pro
1262 1977 1343 2038 grun-

372 2041 450 2100 nibet
463 2034 565 2120 leffrffe.
587 2039 771 2123 Quamquam
790 2043 851 2104 huc
865 2040 927 2102 sunt
946 2060 1004 2100 non
1020 2043 1086 2100 certi
1102 2040 1189 2116 juris,
1204 2038 1252 2100 sed
1273 2038 1343 2098 arbi·

374 2121 458 2180 uarii.
477 2121 612 2183 Senum.
735 2147 739 2150 ⁴
1098 2148 1101 2156 ·
1320 2195 1324 2206 ι

413 2212 476 2276 ead.
485 2213 516 2273 &
533 2211 571 2294 sq.
583 2215 676 2295 Neque
690 2215 720 2274 t'tt
733 2237 780 2289 re,
796 2235 878 2295 neque
893 2213 922 2274 in
930 2213 1058 2293 iudicitur
1074 2212 1196 2298 AEssrpt',
1214 2233 1259 2271 nee
1273 2211 1344 2272 thea-

274 2360 276 2363 ,
374 2293 467 2355 trales.
481 2295 516 2354 Iu
540 2297 650 2369 Colace,
673 2293 816 2380 Nexum]
842 2329 877 2344 -
896 2318 928 2354 ue
945 2318 976 2355 ue
992 2297 1133 2357 theatrides
1148 2298 1176 2355 iu
1191 2294 1278 2354 colace
1297 2314 1344 2351 ete·

375 2394 450 2436 xum.
482 2373 525 2436 Ita
545 2375 574 2434 in
597 2376 648 2436 illis
666 2423 675 2453 ,
695 2397 765 2459 quos
786 2376 897 2456 semper
919 2321 1043 2458 (equor,
1064 2377 1214 2459 antiquitus
1240 2372 1345 2434 excusis

373 2453 481 2537 legitur.
501 2454 535 2518 ln
556 2459 655 2537 quibus
674 2457 784 2519 videtur
808 2455 1000 2538 transposttum
1020 2478 1122 2519 nomen
1145 2456 1262 2528 fabulae,
1280 2474 1345 2515 curn
1402 2463 1408 2480 “

298 2614 302 2620 ¹
373 2539 413 2596 ira
428 2535 575 2618 legendum
594 2537 645 2611 stt,
663 2539 695 2598 Ιιι
714 2541 818 2615 Colace,
834 2542 929 2620 Neque
946 2541 974 2598 in
989 2562 1040 2598 rem
1048 2587 1059 2614 ,
1078 2560 1158 2622 neque
1171 2538 1202 2600 itt
1211 2535 1344 2623 judictum

375 2620 449 2701 AEso
471 2619 497 2696 ‘,
510 2641 592 2703 neque
608 2621 707 2682 theatri
722 2625 766 2685 det
782 2640 889 2684 ueterem.
906 2619 1044 2686 Scaulu.

735 2762 860 2894 Pagini
907 2818 986 2870 tot.

414 2939 462 3005 lin.
475 2941 505 3005 6.
520 2939 659 3023 Debent]
682 2938 780 3024 Marg.
800 2939 899 3025 Scalig.
918 2941 1038 3014 Debere,
1056 2942 1112 3002 dat.
1262 3018 1268 3023 .
1302 2991 1327 3009 ν

416 3034 463 3097 lin.
476 3055 508 3108 7.
528 3037 559 3098 C.
575 3036 694 3116 Popilio.
702 3025 829 3118 ]*Marg.
846 3033 946 3119 Sealig.
966 3037 997 3098 C.
1016 3033 1126 3095 Poerelio
1143 3031 1244 3113 Visolo.

337 3201 343 3221 .
415 3126 462 3189 iin.
481 3148 526 3190 tt.
539 3127 697 3209 Deliquium
713 3129 777 3212 effi]
795 3129 937 3210 Dquuom
952 3126 989 3209 'st
1004 3127 1092 3190 Plaut.
1108 3125 1137 3186 in
1152 3123 1262 3190 Cnfina.
1278 3120 1345 3186 Au.

379 3224 516 3272 GusTIN.
785 3256 787 3261 ·
1376 3245 1382 3258 t
1440 3262 1449 3272 .

417 3299 464 3360 lin.
484 3301 686 3383 15.Autlorem
708 3299 872 3383 Catilium]
897 3299 988 3362 Vetus
1004 3299 1094 3362 ‘leffio
1114 3299 1257 3362 Accilium.
1284 3275 1366 3380 leges

377 3379 517 3442 Attilium.
532 3380 560 3443 Is
575 3381 634 3456 est,
649 3382 697 3466 qui
710 3383 802 3463 plures
815 3381 921 3447 fabulas
934 3380 1066 3444 eGraeco
1081 3379 1230 3442 conversas
1245 3381 1272 3440 in
1286 3379 1345 3440 sce·

380 3480 418 3521 na
433 3460 534 3532 Latina
549 3462 651 3525 docuit.
669 3464 705 3526 de
721 3485 778 3544 quo
791 3462 915 3546 superius
930 3465 1074 3536 meminit,
1089 3463 1121 3526 δι
1140 3461 1253 3525 Porcius
1271 3459 1346 3527 Lici·

378 3542 442 3603 nius
461 3543 608 3619 injudicio
623 3561 767 3626 poetarum
786 3547 822 3606 de
837 3545 938 3607 eodem
955 3545 1075 3607 dixeratt

287 3668 292 3678 .
419 3625 538 3688 Ferreum
550 3624 701 3705 scriptorem
718 3627 831 3708 opinor,
845 3648 934 3690 uerum
950 3627 1131 3708 exscriptorem
1145 3641 1251 3700 temen,

423 3709 466 3768 Ut
481 3707 603 3788 legendus
613 3708 660 3786 fit.
684 3739 720 3756 -ι
1431 3761 1437 3802 1

379 3795 461 3860 Putat
475 3798 594 3860 ferreum
606 3797 776 3882 scriptorem,
784 3799 832 3860 sed
843 3815 936 3862 tamen
948 3820 1058 3876 verum,
1070 3798 1101 3862 &
1113 3795 1202 3858 fidum
1213 3797 1347 3876 interpre-

380 3895 456 3952 tem,
475 3898 506 3942 ut
523 3880 622 3962 dignus
639 3901 675 3941 eo
689 3879 871 3958 nominem,
889 3884 935 3962 qui
947 3881 1063 3963 legatur.
1076 3882 1166 3944 immo
1183 3876 1277 3959 jocose
1299 3897 1347 3937 ert·

258 3991 261 3996 ⁴
380 3959 543 4039 scriptorem
558 3976 665 4036 vocat,
682 3963 730 4042 qui
744 3961 812 4022 nihil
826 3961 860 4023 de
877 3963 926 4024 suo
941 3963 1053 4038 ederet,
1072 3961 1120 4027 sed
1133 3962 1221 4025 aliena
1241 3959 1348 4032 omnia,

382 4040 414 4102 δι
430 4041 465 4103 ad
473 4042 616 4107 verbume
626 4041 735 4107 Graecis
749 4043 885 4127 expressa.
899 4044 977 4130 quod
990 4064 1078 4131 genus
1095 4037 1294 4126 interpretandi
1312 4041 1348 4102 ri·
