3209 4967
394 503 467 591 ru
516 513 1010 621 retentura:
1109 516 1178 619 383·

219 680 317 755 batur,
328 694 416 741 totum
432 696 563 741 tertarum
577 678 674 741 orbem
688 678 855 763 peragravit.
868 678 997 741 Valerius
1010 676 1124 743 Flaccus
1131 681 1179 744 lib.¹

225 762 409 845 tArgonaut.
882 786 886 792 ·

378 872 379 875 ¹
403 862 607 903 ——curtu
625 859 654 901 ut
668 842 754 923 savos
768 840 883 921 frenaffc
902 844 1029 904 dracones
1150 906 1153 917 ¹

246 926 398 998 ⁸Creditus,
419 925 530 1006 ignaras
554 924 649 984 Cereris
668 923 713 1005 qui
732 942 830 983 vomere
849 942 932 983 terras

177 1068 180 1073 ,
263 1006 372 1079 Induit,
391 1004 418 1064 Gt
433 1011 512 1087 flora
532 1022 649 1085 quercum
668 1004 808 1066 damnavit
825 1005 914 1087 ‘lists‘

220 1086 345 1160 Arivus,
365 1086 437 1149 sorte
453 1088 489 1147 ab
504 1085 616 1147 arando.
892 1153 894 1157 ¹
1229 1142 1234 1152 ,

265 1169 357 1227 Pelunr
377 1171 491 1249 tedere]
509 1168 550 1229 lta
568 1167 627 1227 libri
640 1184 755 1231 ueteres.
773 1166 886 1247 optime.
906 1181 983 1227 notat
999 1165 1093 1227 sordet
1109 1177 1181 1226 con-¹

115 1269 119 1276 ·
221 1248 294 1322 lulis,
304 1253 366 1330 qui,
381 1248 468 1312 fartus
487 1250 521 1309 de
536 1246 637 1329 figulo,
656 1244 822 1309 alteri‘ccdit
833 1237 976 1330 figulinam
986 1267 996 1321 ;
1007 1248 1082 1327 quod
1096 1267 1182 1317 omen

221 1328 265 1389 ille
280 1332 396 1411 accipit,
413 1328 490 1411 quasi
508 1352 543 1402 eir
562 1328 662 1391 eodem
685 1330 742 1389 luto
767 1328 845 1390 idem
866 1327 948 1410 poffit
964 1331 1045 1389 exire.
1064 1332 1182 1405 niune,

223 1411 320 1551 ἕως,
334 1413 439 1485 lutum,
456 1412 565 1494 argilla3
582 1410 653 1471 unde
671 1408 826 1494 *rumpitur
843 1409 1180 1476 aCallirnachodicuntut
1412 1413 1415 1419 ’
1508 1367 1509 1372 ¹

152 1536 155 1544 ,
257 1493 377 1575 igantes,
395 1492 470 1577 quast
486 1514 501 1553 e
516 1492 591 1565 luto,
607 1490 653 1554 seu
670 1486 761 1567 terra,
781 1493 918 1574 prognati.

580 1665 703 1763 Pagina
730 1686 809 1765 305.

265 1798 359 1879 Noster
382 1798 511 1868 Atticus,
524 1799 619 1859 rivulis
637 1796 716 1877 δια]
737 1794 919 1879 Legendum,
938 1795 1032 1877 Nosler
1047 1796 1187 1880 antiquitt,

223 1880 320 1939 ruralis
335 1880 429 1954 lom03
441 1896 472 1939 ut
491 1876 775 1953 Gerontodidascalo,
792 1878 900 1952 Priscus
921 1878 1014 1951 domo,
1028 1899 1060 1938 at
1076 1880 1184 1961 rusticus

225 1964 456 2119 Rodddrudixtffet
484 2037 623 2121 Vimine]
640 2038 704 2099 Fuit
722 2058 879 2121 cognomen
895 2038 1134 2119 Pomponiorum3
1153 2059 1185 2102 ut

226 2122 336 2184 Taurus
349 2120 539 2193 Studiorum,
557 2120 651 2200 Capra
667 2122 844 2195 Annorum,
861 2119 971 2181 auclore
987 2120 1117 2183 Varrone
1133 2122 1181 2182 lib.

119 2220 122 2226 ’
199 2216 202 2221 “
227 2203 291 2263 ade
308 2200 351 2261 Re
364 2200 427 2262 rust.
444 2202 527 2261 etiarn
541 2201 735 2263 Voconiorum
749 2204 781 2264 &
796 2200 999 2276 omniorum,
1014 2220 1044 2264 ut
1060 2225 1096 2265 ex
1108 2204 1185 2265 anti·

225 2285 286 2364 quis
302 2283 518 2364 inscriptionibus
535 2282 631 2363 liquet.
1169 2352 1173 2358 κ

267 2363 363 2444 Irrupit
380 2364 450 2446 s‘·]
471 2363 514 2425 Ita
531 2363 624 2425 Attius
645 2362 792 2445 Epigono:
816 2362 859 2423 lta
877 2361 1010 2444 impetitur
1022 2362 1182 2445 *stupiditate

225 2444 333 2527 erumpit
350 2446 391 2524 st.
412 2444 508 2513 Varro
524 2444 697 2525 Marcipore:
719 2444 846 2525 Ventiqut
851 2444 956 2523 frigido
967 2445 998 2524 sc
1012 2444 1047 2503 ab
1063 2452 1116 2504 axe
1128 2466 1183 2504 eru·

223 2544 326 2607 petant.
344 2524 450 2587 Gellius
466 2525 513 2585 lib.
533 2545 566 2607 ¹5
580 2544 588 2585 t
608 2526 642 2585 In
652 2524 687 2605 fit
705 2546 747 2583 ant
757 2525 786 2603 se
797 2527 923 2603 proripit.

251 2606 387 2686 ,Rostrum
397 2605 427 2663 in
433 2608 635 2685 protrudendum
650 2545 800 2685 reserere]
814 2605 935 2668 Videtur
948 2604 1113 2687 legendum,
1130 2609 1185 2667 tto.

222 2687 303 2769 flium
321 2686 389 2745 intro
404 2688 554 2747 trudendum
573 2684 694 2765 ceffcrint.
729 2741 731 2747 s
1017 2732 1023 2741 ·

269 2765 561 2849 SesQUIULrssrs.]
580 2768 666 2827 Hunc
688 2767 813 2843 titulum,
829 2783 862 2830 ut
885 2764 1082 2847 magnificum,
1106 2785 1185 2829 notat

228 2846 297 2909 Plin.
312 2849 340 2908 in
353 2846 511 2927 praefatione
528 2850 659 2909 librorum
675 2846 741 2909 Nat.
757 2848 817 2909 hist.
837 2846 973 2908 Videlicet
985 2848 1186 2909 Homerusfin·

228 2930 268 3013 git
279 2927 409 3011 Ulyssem
422 2930 529 2990 inmari
541 2929 637 2989 decern
649 2942 737 2991 annos·
750 2928 853 2990 solidos
863 2928 974 3003 jactari:
990 2929 1086 2991 Varro
1096 2928 1184 3003 suum,
1258 2993 1262 3000 ,

229 3032 314 3091 quem
336 3009 456 3084 inducit,
474 3032 552 3091 pates
576 3011 684 3071 labores
701 3010 732 3071 ἃ
753 3031 858 3072 errores
877 3008 966 3069 subire
981 3011 1009 3069 in
1023 3007 1108 3083 mati}
1131 3014 1186 3073 ltoc

228 3092 344 3174 amplius
367 3093 469 3152 haerere
485 3093 516 3153 δι
537 3093 676 3153 ertaterin
693 3092 860 3153 diverticulis
884 3090 1071 3171 philosopliiae.
1089 3090 1186 3174 Itaque

228 3171 424 3255 Sesquiulysles
444 3172 575 3254 accipitur
594 3194 645 3253 pro
660 3164 830 3234 callidissimo
848 3173 879 3233 δι
893 3170 1107 3252 prudentiffimo.
1132 3217 1146 3238 -,

272 3254 412 3333 Suspendit
437 3254 550 3314 Laribus
574 3252 656 3337 dte]
672 3252 809 3329 'Splebaut
827 3254 857 3313 in
880 3254 1010 3332 compitis
1025 3252 1187 3333 suspendere

253 3333 320 3403 ilas,
343 3336 373 3395 &
396 3332 500 3417 effigies
527 3334 618 3396 viriles
646 3336 678 3396 δι
700 3335 845 3416 muliebres
869 3355 902 3395 ex
928 3334 990 3393 lana
1006 3338 1034 3393 in
1054 3336 1188 3395 bonorem

232 3354 331 3474 ileum
355 3414 486 3492 Larium,
506 3438 535 3475 ut
549 3417 623 3476 vivis
641 3431 800 3495 parcerent,
814 3433 844 3475 ut
862 3414 948 3475 essent
965 3413 1022 3475 illis
1035 3416 1095 3497 pilis
1111 3417 1143 3478 δι
1155 3414 1189 3475 st.

233 3496 361 3555 mulacris
378 3498 509 3558 contenti.
531 3498 604 3557 Hinc
622 3498 716 3560 Varro
736 3514 821 3558 vocat
835 3497 932 3557 molles
952 3498 1040 3576 pilas,
1056 3518 1125 3577 quas
1138 3494 1190 3555 lin·

234 3578 275 3658 git
290 3579 316 3633 in
330 3576 396 3636 navi
410 3575 530 3656 suspendi
555 3578 669 3639 Laribus
683 3578 810 3653 marinis3
831 3577 979 3659 dequibus
999 3579 1125 3638 meminit
1136 3576 1188 3652 'Li-

234 3659 299 3716 vius
315 3656 361 3716 lib.
380 3678 434 3729 40,
454 3657 589 3733 referens,
611 3661 659 3719 illis
676 3660 765 3720 aedetn
785 3657 894 3719 voviffe
911 3656 1027 3718 Lucium
1043 3658 1190 3719 AEmiliutn

234 3736 371 3819 Regillum
393 3739 422 3797 in
441 3737 515 3798 bello
532 3758 628 3801 contru
650 3740 822 3801 Antiochum
834 3759 937 3821 regem
958 3739 1060 3818 proelio
1077 3739 1191 3814 navali,

233 3837 296 3900 quae
312 3818 365 3880 XL
380 3820 442 3901 post
459 3820 537 3879 annis
555 3820 646 3881 dicata
662 3822 750 3883 suerit.
768 3821 814 3882 Ne
823 3823 890 3901 quid
908 3837 1000 3880 tamen
1009 3817 1189 3895 diffimukm,

235 3898 275 3959 est
289 3902 315 3959 in
332 3902 448 3981 antiquis
461 3901 534 3961 libris
551 3902 685 3974 marinas,
700 3901 799 3980 inest,
821 3902 890 3983 pilas
904 3902 934 3961 in
948 3902 1017 3961 mari
1031 3897 1190 3973 confodiat,

236 3996 282 4041 aut
298 3978 443 4063 suspensas.
512 4054 514 4058 Ι
636 4026 644 4041 ,
