3209 4967
304 465 442 620 ἡςι
731 516 1024 589 NOTAE

392 682 530 744 munitum
546 690 739 759 penetrarunt,
757 678 852 819 &quod
875 677 977 757 primus
993 674 1100 736 Drusus
1116 673 1299 741 Germanicus
1321 677 1358 741 fo

395 763 454 838 cit)
471 760 644 852 Gerenanicis
656 759 765 851 'nomini
785 778 818 818 us
844 775 971 851 veterum
995 756 1189 852 'saxonum'ea
1205 778 1358 836 vocarunt,

392 838 818 1003 llulllllllllall
833 836 1360 1002 llllllllell‘l‘lgutllf

392 1005 442 1066 nis.
460 1002 558 1080 Quare
577 1003 651 1083 apud
670 1001 832 1065 Marcellum
852 997 1040 1081 Empiricuru,
1056 1002 1104 1082 qui
1119 1000 1211 1087 tl9ruit
1225 1005 1357 1081 tempori·

393 1085 446 1145 bus
460 1084 644 1146 Valentiniani
662 1082 733 1163 lmp.
749 1080 941 1162 aliquando'id
962 1081 1077 1162 legitur,
1097 1101 1149 1141 nec
1167 1080 1222 1141 sine
1239 1084 1358 1143 adrnira-

392 1166 468 1227 tione
486 1165 582 1227 olima
598 1184 643 1225 me
655 1162 770 1223 subinde
795 1162 958 1243 repetitum:
977 1182 1008 1221 ur
1026 1163 1054 1221 in
1076 1162 1140 1232 illo,
1159 1162 1299 1243 Colligitur
1311 1166 1355 1225 die

391 1246 491 1319 louis,
518 1248 581 1305 luna
604 1261 684 1303 uetere
696 1291 707 1317 ,
731 1244 843 1316 sidunt,
867 1261 929 1303 ante
952 1245 1099 1324 prandium.
1123 1241 1209 1317 Item,
1240 1246 1356 1324 Colliget
1421 1315 1423 1320 Ι

393 1328 516 1399 herbam,
535 1342 590 1406 quae
608 1325 705 1385 dieitur
719 1324 888 1399 Britannice,
908 1324 951 1382 die
968 1325 1072 1402 Jouis,
1086 1319 1168 1385 uet'ere
1187 1324 1269 1401 luna,
1285 1327 1355 1389 liau-

295 1474 302 1495 ο
395 1430 443 1472 na.
471 1407 559 1482 Item,
578 1405 722 1483 Conficitur
739 1424 822 1465 uetere
837 1404 920 1477 lana,
938 1402 966 1461 (r
987 1406 1097 1481 liduna,
1112 1430 1131 1466 a
1144 1407 1224 1485 mense
1242 1408 1355 1469 Martio.
1446 1417 1449 1422 ’

393 1488 442 1551 De
459 1489 559 1548 malina
577 1507 650 1547 uero
668 1487 761 1547 idem:
785 1487 930 1564 Conficitur
945 1487 1011 1547 XII
1024 1486 1096 1547 Kal.
1112 1489 1223 1549 Iulias:
1241 1510 1293 1550 non
1309 1490 1354 1547 in·

391 1569 463 1649 retest
477 1588 527 1651 quo
546 1569 604 1638 dit,
619 1568 664 1628 uel
685 1568 767 1640 luna,
786 1567 832 1626 uel
851 1567 970 1641 masna,
988 1562 1124 1629 modo
1140 1569 1223 1646 supra
1238 1570 1354 1649 scriptus
1384 1630 1389 1638 .
1416 1613 1419 1619 ,

393 1650 452 1711 dies
474 1650 817 1728 observetur.'quarnquam
841 1647 947 1727 plenius
973 1646 1093 1723 ellet,sr
1115 1649 1266 1729 legeretur:
1291 1654 1373 1729 Quo.

392 1732 434 1793 die
442 1775 454 1802 ‚
463 1730 508 1789 uel
521 1730 604 1803 lunn,
617 1730 727 1802 liduna,
740 1727 784 1790 uel
793 1728 903 1789 malina.
920 1728 952 1791 ln
966 1730 1067 1810 quibus
1077 1749 1206 1811 praeterea
1216 1729 1296 1789 vides
1306 1730 1354 1789 su·

390 1810 567 1892 perstitiosam
587 1809 808 1871 obseruationem
826 1810 933 1892 legendi
948 1810 1064 1881 herbas,
1084 1827 1114 1869 ut
1132 1809 1197 1870 alias
1213 1811 1288 1869 vires
1312 1812 1354 1871 vi·

392 1894 511 1955 deantur
529 1892 630 1952 habere
648 1889 807 1954 aestuatione
826 1892 924 1964 maris,
946 1891 1027 1965 alias,
1041 1911 1106 1955 euru
1125 1890 1181 1949 noir
1201 1892 1298 1971 patitur
1312 1892 1356 1964 in·
1436 1948 1440 1955 ,

392 1990 540 2034 crementa.
552 1972 607 2033 Sed
625 1971 730 2031 Venilia
745 1973 783 2052 ,δι
794 1973 905 2032 Salacia
919 1971 1074 2054 significant
1085 1970 1207 2033 ‘aceelsus
1217 1974 1248 2033 &
1265 1972 1354 2033 reces-

390 2055 435 2115 sus
453 2057 537 2113 maris
551 2050 738 2131 quotidianos:
749 2054 862 2112 Melina
877 2055 908 2116 &
922 2054 1028 2115 Liduna
1043 2055 1125 2115 etiarn
1143 2054 1244 2113 lunaria
1257 2054 1355 2115 oceani
1412 2058 1415 2065 ’

390 2136 560 2195 incrementa
581 2134 614 2194 &
627 2131 813 2195 decrementa.
836 2155 900 2193 nam
916 2134 1018 2214 alioqui
1036 2134 1142 2215 semper
1163 2134 1356 2198 bisindiein·

392 2232 498 2277 tumere
517 2214 548 2273 δι
563 2213 704 2274 detumere
730 2213 798 2275 solet
812 2235 941 2276 oceanus.
963 2215 1101 2277 Senum.
1128 2212 1190 2273 Fuit
1215 2215 1355 2275 veteribus

391 2296 488 2357 usitata
505 2294 627 2366 locutio,
649 2298 761 2354 Ventum
773 2297 894 2375 gaudeo,
914 2314 968 2376 qua
982 2296 1033 2355 fibi
1052 2295 1118 2377 ipsus
1130 2296 1353 2376 gratulabantur,

392 2397 457 2437 cunt
478 2374 612 2455 persunlli
638 2374 775 2435 molestias
793 2377 960 2455 &pericula
977 2378 1079 2451 maris,
1097 2391 1229 2438 venerant
1243 2378 1273 2435 in
1289 2397 1352 2457 por·

391 2477 472 2529 tum,
489 2455 535 2515 vel
554 2455 589 2515 ad
603 2455 675 2517 litus.
692 2456 802 2517 Plautus
819 2456 986 2521 Cistellaria}
1008 2466 1011 2470 ’
1230 2460 1234 2467 ’
1253 2528 1259 2534 ,

431 2537 513 2618 Quod
526 2535 571 2594 ille
584 2538 677 2611 dixit,
694 2539 739 2619 qui
751 2540 867 2619 secundo
877 2556 955 2600 uento
969 2540 1102 2621 vettusess
1117 2538 1259 2619 tranquillo
1274 2544 1355 2614 mari,
1380 2539 1384 2553 ¹

436 2622 546 2679 Ventum
564 2622 672 2697 gartdeo.

378 2698 468 2763 'Idem
485 2696 669 2759 Curculione:

378 2772 380 2779 i
434 2778 543 2857 Obsecro
560 2760 641 2840 lirele
650 2778 737 2860 finite
760 2801 878 2858 uentum,
896 2802 926 2843 ret
939 2785 1076 2865 gaudeant.

390 2861 467 2941 Ergo
482 2861 530 2919 ait'
539 2860 647 2933 Vario,
662 2862 770 2921 Venilia
789 2862 861 2924 ditia
877 2884 991 2933 avento
1007 2867 1072 2939 illo,
1083 2862 1111 2925 id
1125 2862 1181 2941 est,
1194 2862 1301 2924 accessu
1314 2863 1352 2922 ad

310 2981 315 3009 .
390 2942 471 3013 litus,
493 2956 522 2999 ut
540 2940 604 3001 alibi
624 2941 743 3023 scripsit,
766 2947 873 3006 Venilia
888 2950 979 3020 unda,
992 2968 1047 3027 qua
1064 2950 1101 3005 ad
1111 2947 1176 3005 litus
1193 2949 1281 3005 venit:
1301 2945 1353 3013 Sa·

325 3064 330 3073 ι
391 3022 480 3095 latia,
498 3046 553 3103 qun
576 3029 615 3082 ad
631 3024 721 3105 salum
737 3028 812 3103 redit.
823 3026 1020 3107 ‘Sedoblique
1039 3030 1072 3087 &
1085 3027 1166 3083 nimis
1185 3025 1281 3101 coqlle
1295 3024 1351 3081 hue

371 3138 374 3143 ·
389 3104 472 3165 refert
486 3102 596 3165 versum
608 3103 713 3177 Plauti,
732 3127 816 3185 quern
835 3105 957 3182 similiter
972 3103 1112 3167 Charisius
1128 3105 1171 3161 bis
1186 3106 1214 3163 in
1229 3101 1351 3162 testimo·

390 3188 468 3244 nium
489 3184 620 3256 adducit,
646 3202 676 3242 ιιι
700 3186 755 3244 hoc
782 3188 852 3247 inter
879 3187 1016 3247 Varronis
1035 3187 1196 3263 μνιμονικὶι
1223 3179 1352 3263 ἀμαρτύ-

321 3273 327 3285 ’
390 3286 477 3341 μιιτιι
497 3284 553 3323 ιιοιι
573 3263 605 3323 sn
621 3263 823 3342 referendum,
844 3266 921 3347 quod
946 3265 1085 3345 hodieque
1115 3265 1198 3346 paulo
1218 3262 1352 3326 diversus·

389 3346 485 3427 legitur
501 3344 555 3403 hoc
569 3344 670 3405 modo:
691 3348 694 3359 '
1247 3343 1250 3392 ἓ

431 3426 514 3503 Quod
523 3425 569 3481 ille
583 3424 673 3498 dixit,
686 3425 732 3503 qui
745 3428 859 3506 secundo
876 3429 960 3487 uenus
976 3428 1011 3507 ejl
1027 3425 1115 3506 anari,

434 3506 545 3569 Ventum
563 3511 665 3585 gueedeo
684 3509 723 3563 ad
739 3525 771 3565 te.

222 3594 229 3609 ⁶
339 3588 342 3593 ’
393 3586 506 3660 Vento,
527 3607 578 3666 pro
595 3586 737 3659 adventu,
750 3604 779 3646 ut
796 3586 897 3669 Virgil.
912 3584 1017 3667 Georg.
1036 3606 1072 3661 4:

330 3701 332 3707 ·
404 3720 409 3727 .
433 3664 523 3743 Atque
539 3667 645 3728 lxionet'
663 3686 741 3727 uento
755 3686 817 3728 rotn
833 3669 946 3747 constitit
966 3670 1053 3729 urbia:
1118 3706 1123 3715 .

389 3750 418 3809 in
440 3768 524 3829 quem
550 3748 662 3809 versum
681 3746 779 3821 Junius
803 3748 1005 3829 Philargyrius,
1033 3748 1131 3811 Vento
1154 3750 1352 3831 pro,adventu

276 3848 278 3857 ’
392 3827 543 3909 significat,
558 3828 661 3909 inquit,
677 3845 707 3888 ut
726 3828 757 3888 srt
780 3828 868 3891 sextus
884 3830 978 3904 casus,
998 3848 1045 3891 aut
1065 3848 1153 3893 vento
1173 3833 1291 3893 verbum
1304 3852 1352 3914 ge·

390 3909 474 3973 rundi
487 3908 535 3970 esl.
549 3930 613 3969 narn
632 3909 744 3991 intelligi
759 3910 841 3971 debet
861 3908 1141 3973 adventuuPotntn.

432 3989 479 4057 ln.
491 4011 540 4077 27.
555 3992 599 4055 Ae
615 4010 693 4057 uento
709 3992 779 4069 illo,
799 4014 874 4076 quern
890 3993 1013 4057 'Plautus
1030 3993 1104 4058 dicit.
1117 3992 1130 4077 ]
1149 3990 1276 4077 Et'ytnon
1297 3993 1352 4055 Ve-
