3209 4967
406 455 510 595 ψ’
735 494 1059 569 nore

402 678 459 739 que
483 656 582 730 habet,
601 670 631 716 ut
655 676 691 715 ne
715 655 817 717 Cicero
836 655 951 737 quidem
969 654 1028 715 illos
1052 606 1146 717 versus
1157 652 1225 716 satis
1244 654 1372 739 religiose

402 738 564 813 adduxerim
580 736 652 816 apud
668 758 752 817 quern
765 740 802 797 ita
819 738 961 819 leguntur:
982 740 1061 799 Unde
1073 736 1145 818 ignis
1163 735 1231 798 lucer
1249 740 1370 799 mortali·

404 822 453 879 bus
475 820 543 877 clam
559 818 618 877 divi
632 839 682 876 us:
706 840 762 878 eum
787 820 955 878 Prometheus
973 823 1061 879 doetus
1084 818 1194 899 clepfiffi
1209 818 1293 890 dolo,
1310 842 1372 895 poe·

336 953 340 959 ,
404 903 503 979 reasque
514 900 579 960 Jour‘
589 820 655 979 do
670 898 814 980 expendisse
822 900 949 981 fitpremo.
967 898 1044 979 Quae
1061 900 1107 972 ita,
1124 916 1156 957 ut
1165 898 1219 980 ipse
1236 899 1371 975 adduxit,

403 980 580 1060 relinquenda
602 978 685 1054 sunt,
703 980 807 1043 etiamst
831 982 1024 1042 reconcinnara
1048 978 1160 1061 pristino
1183 981 1273 1040 ordini
1294 980 1372 1042 resti-

330 1053 333 1068 '
404 1064 448 1120 tui
464 1060 581 1142 possunt.
597 1062 638 1123 At
653 1078 751 1124 contra
763 1061 824 1123 sunt
840 1062 892 1124 alia
905 1058 982 1142 eund
995 1062 1158 1125 Ciceronem
1173 1054 1285 1141 quoque
1300 1083 1372 1143 poe·

405 1157 496 1201 tatum
524 1142 669 1223 exempla,
684 1162 746 1223 quae
761 1144 873 1218 meino,
892 1164 927 1203 ne
954 1142 995 1203 isii
1022 1144 1134 1223 quidem
1154 1140 1292 1203 Tulliastri
1304 1186 1313 1213 ,
1327 1142 1372 1204 su·

404 1222 498 1303 spicati
513 1222 573 1318 sunt
588 1243 677 1305 poetae
696 1225 830 1303 alicujus,
845 1245 901 1285 non
918 1222 1084 1299 Ciceronis,
1104 1223 1176 1299 esse;
1193 1241 1222 1283 ut
1240 1224 1268 1282 in
1281 1222 1372 1289 Crto-

404 1323 441 1366 ue
463 1324 589 1380 majore:

488 1388 577 1463 Quam
589 1404 620 1445 ur
632 1385 812 1467 adipiscantur
825 1403 912 1447 omues
930 1404 1042 1482 ogram,
1058 1386 1165 1446 eandem
1181 1383 1243 1444 item
1335 1454 1340 1459 .

487 1468 589 1545 Adepti
602 1470 743 1547 accusant:
758 1486 836 1528 tanta
851 1472 886 1550 est
898 1467 1092 1551 inconstartrt'a,
1166 1509 1170 1516 -

488 1548 624 1628 Stultitia
643 1547 670 1607 fr
689 1552 850 1630 perverfircs.
862 1582 897 1596 -
1052 1614 1053 1619 ἵ
1180 1578 1182 1588 r

406 1624 543 1711 Quisquis
556 1631 629 1689 enim
645 1622 695 1690 suit'
712 1631 912 1703 illevvcomicus‚
923 1630 1063 1713 (vereor,
1079 1649 1114 1691 tte
1127 1626 1273 1712 Caecilius)
1289 1626 1372 1692 verre

408 1734 444 1777 ex
462 1710 623 1791 Antiphane
637 1711 701 1785 {1123
716 1714 764 1793 qui
784 1714 823 1772 ita
837 1712 873 1772 de
887 1710 1023 1772 senecinte
1037 1710 1193 1791 scripserat:

449 1783 495 1852 Oti
511 1792 620 1854 πάντες
641 1790 851 1872 ἐπιθυμοῦμεν,
872 1792 905 1855 tu
926 1791 956 1853 θ’
977 1791 1045 1869 iuer
1066 1790 1156 1866 troci,

447 1874 597 1950 'Artemii
615 1867 704 1936 οὕτως
724 1875 812 1951 ἐσμὲν
834 1874 995 1970 ἀχάριστοι
1015 1874 1111 1952 φύσει.

409 1954 498 2036 Atqui
519 1955 562 2015 ille
581 1955 694 2036 quidem
719 1956 813 2016 iisdem
833 1957 945 2031 verbis,
959 1955 1006 2017 sed
1033 1976 1089 2016 non
1110 1953 1209 2014 cadem
1230 1951 1371 2013 stmuura.

410 2038 451 2097 At
465 2039 493 2094 in
513 2034 631 2097 secunda
647 2036 803 2097 Tusculana
820 2038 886 2097 nihil
905 2039 1024 2098 mutavit
1038 2039 1065 2095 in
1080 2035 1166 2096 tribus
1187 2035 1312 2095 versibus
1326 2056 1374 2094 cu·

409 2117 517 2191 jusdam
534 2118 637 2176 veteris
658 2136 769 2196 poetae:
791 2120 838 2200 qui
854 2135 944 2195 tumen
962 2120 1016 2179 leni
1031 2118 1136 2191 trasiu,
1149 2117 1179 2177 &
1196 2119 1308 2175 minime
1318 2116 1375 2175 ela·

408 2199 508 2257 horare
527 2198 651 2258 oratione
668 2199 713 2257 sua
727 2219 791 2258 cum
831 2217 903 2258 ctera
922 2199 1007 2259 soluta
1027 2199 1154 2258 oratione
1170 2196 1376 2259 immiscuerunt

409 2278 459 2353 se;
473 2290 537 2350 cum
554 2295 646 2339 tatnen
662 2278 734 2339 nulla
752 2220 904 2340 mutitione
921 2282 959 2339 ita
978 2279 1120 2361 digerendi
1135 2278 1205 2341 sint:

493 2360 578 2419 Mul
595 2364 684 2419 torum
696 2362 782 2437 fimile
802 2362 876 2439 apud
896 2362 1024 2419 Lucanas
1044 2361 1180 2443 uirgines,

489 2442 563 2521 Quis
583 2444 662 2519 magi'
677 2440 813 2522 palestra,
836 2442 959 2516 Eurota,
977 2442 1040 2515 Sol,
1057 2441 1165 2523 poluit,
1189 2440 1283 2515 labos,

492 2523 603 2581 Militia
617 2524 646 2581 t'rr
657 2522 746 2603 fludio
764 2526 815 2605 esi,
829 2544 907 2601 quam
921 2524 1050 2603 sirtilr‘tas
1065 2524 1184 2584 barbara.

411 2602 524 2685 Sapiunt
550 2604 624 2664 enim
652 2602 746 2684 nescio
769 2604 835 2685 quid
861 2608 997 2687 tragicum
1018 2605 1049 2667 &
1071 2603 1266 2666 Graecanicum
1282 2621 1290 2663 :
1306 2618 1337 2662 ut
1356 2599 1378 2661 st

409 2686 560 2747 diceres-
706 2687 756 2764 j,
1010 2758 1014 2767 Ι
1237 2698 1240 2705 ’
1348 2698 1351 2707 ’

577 2797 612 2844 -ss-
629 2759 712 2835 uscet
732 2764 856 2830 icturus
879 2767 964 2829 uiroc

440 2848 565 2919 Jlue'or,
586 2846 748 2918 uuuure,‘
764 2848 907 2929 βαρβάρου
928 2840 1133 2931 xutdiuuror.
1151 2847 1286 2909 SCALIG.
1312 2864 1323 2887 ³

453 2929 515 2989 ead.
530 2930 693 2990 Mortalibus
714 2930 814 3011 divin]
835 2928 949 3012 Diuiffe,
963 2945 1009 2989 aut
1018 2977 1030 3003 ‚
1050 2926 1072 2987 fi
1097 2930 1190 3002 malis,
1210 2927 1330 3009 diuisus:
1348 2940 1381 2987 ut

413 3011 496 3073 etiarn
506 3013 683 3070 immutatum
701 2998 749 3069 est'
759 3011 840 3090 opud*
850 3010 1024 3073 Ciceronem.
1038 3030 1103 3071 nam
1117 3028 1191 3069 certe
1208 3008 1302 3071 Attius
1316 3009 1381 3067 scri·

413 3091 467 3175 psit
478 3091 577 3172 diviffi.
587 3090 754 3153 Cornificius
763 3092 810 3152 lib.
820 3112 855 3167 4:
870 3094 1054 3163 Prometheus,
1063 3110 1120 3147 curu
1131 3090 1284 3148 mortalibus
1294 3091 1379 3169 iguem

312 3207 319 3220 ι
414 3174 528 3233 diuidere
543 3173 630 3233 uellet.
642 3174 737 3234 Vocat
749 3189 842 3233 autern
860 3173 1053 3233 Prometheum
1065 3168 1177 3229 dotium
1194 3168 1315 3249 clepsisse
1329 3169 1381 3230 do-

415 3254 453 3324 io,
468 3250 542 3334 quasi
555 3256 632 3313 dicas
646 3251 853 3314 dtuouusurnr.
869 3253 901 3313 &
916 3252 961 3324 iila
974 3252 1038 3309 trita
1057 3249 1129 3331 apud
1143 3252 1268 3311 nationes
1284 3268 1382 3329 poeta·

414 3352 494 3405 rum,
512 3334 726 3406 utortueurrir,
742 3334 963 3413 r't‘yrcuuipcurtt.
979 3329 1106 3391 Proxime
1125 3352 1195 3392 vero
1213 3332 1272 3391 haec
1288 3333 1381 3412 legen»

415 3412 483 3475 dum
500 3413 555 3472 esse
567 3417 650 3487 cluet,
666 3413 745 3474 facile
758 3414 950 3495 cognoscimus
966 3434 1001 3473 ex
1017 3413 1103 3492 prisca
1117 3412 1266 3495 scriptura,
1286 3412 1382 3473 clover.

415 3494 490 3553 unde
504 3491 654 3555 Turnebus
670 3496 750 3555 claret
764 3495 859 3554 maluit
876 3496 976 3577 legere.
991 3492 1027 3554 Et
1041 3493 1217 3565 hexametros
1234 3492 1383 3563 constituit,

415 3595 487 3655 quos
497 3591 591 3635 tamen
601 3574 743 3647 manifesto
760 3576 792 3637 &
806 3576 940 3647 videbat,
955 3577 987 3639 &
1002 3574 1154 3637 crediderat
1167 3575 1251 3650 olim,
1266 3572 1382 3656 persua·-

417 3656 461 3717 sus
473 3677 554 3730 ame,
565 3655 618 3716 esse
633 3654 793 3735 anapaestos‚
803 3656 880 3734 Quis
894 3674 952 3717 tarn
967 3677 1073 3728 caecus,
1093 3658 1139 3743 qui
1154 3656 1227 3715 illam
1239 3654 1382 3734 anapaesti·

418 3759 480 3798 cam
499 3738 660 3811 coronidem
682 3759 740 3797 non
756 3736 897 3816 agnostat,
910 3741 1060 3819 omniaque
1075 3739 1120 3797 illa
1139 3756 1173 3795 ex
1186 3736 1275 3797 choto
1292 3736 1382 3797 Phiio-

418 3820 495 3880 cietae
505 3820 574 3888 Attii
588 3824 676 3893 petita
688 3817 785 3881 fuisse?
801 3818 899 3879 Unum
913 3819 1028 3894 addam,
1042 3820 1119 3899 quod
1131 3816 1190 3897 ejus
1200 3817 1382 3879 ducutrriur

418 3902 525 3961 mollite
539 3898 619 3982 posset
630 3901 786 3983 aliquando.
800 3900 929 3961 Producit
943 3904 1017 3962 enim
1035 3902 1096 3959 illos
1111 3900 1314 3960 commentitios
1334 3898 1383 3958 he·

418 4001 557 4044 unmetros
571 4004 606 4046 ex
616 3982 727 4048 Naevio.
738 3982 826 4066 Atqui
836 3984 949 4059 scimus,
957 3983 1089 4044 Naevium
1100 4000 1240 4061 nunquam
1253 3978 1386 4042 hename-
