3209 4967
400 481 1035 617 rrt'nnncnnutn·
1135 442 1243 604 301³

246 672 319 734 inter
333 669 448 757 Ogygis
460 673 493 736 δι
506 672 620 736 Romuli
636 689 745 735 oetatem
762 667 952 737 interceffilio:
967 671 1074 742 Theba,
1087 661 1143 754 pua
1159 684 1210 731 uni

247 773 274 814 re
292 757 470 838 catulysmon
491 755 584 837 Ogygi
602 755 714 817 condita
734 753 873 829 dicuutur,
892 773 927 811 eo
943 774 1028 815 earnm
1041 755 1140 815 circiter
1155 757 1211 817 duo

246 835 332 895 millia
347 830 512 898 annorum&
528 853 628 897 cenutm
637 837 712 919 frent.
724 831 833 912 Scripfit
847 849 939 894 autern
958 833 1051 902 Varro
1064 833 1113 895 isia
1133 853 1211 894 anno

244 915 283 976 ab
304 915 343 978 U.
365 916 403 981 Css
418 912 661 1000 septingentesimo
682 915 793 980 decimo
821 913 999 997 septimo‚'ut
1015 913 1117 976 ibidem
1141 911 1210 976 dixi.

207 1038 209 1041 -
289 996 375 1076 Fuiffe
396 998 510 1060 Vettium
524 996 603 1080 δια]
619 993 687 1058 Non
698 997 815 1056 omniuo
832 1013 921 1054 vanus
936 993 1130 1056 vatesfuitilie
1141 993 1210 1054 Vet-

249 1075 301 1137 tius
312 1125 322 1150 ,
333 1077 383 1139 ¹etsr
396 1077 452 1161 ipsa
472 1076 606 1164 auguralis
620 1075 758 1158 disciplina
773 1075 855 1156 plena
871 1075 997 1144 vanitatis
1014 1077 1046 1138 ἃ
1064 1075 1216 1156 praesiigia⁴

247 1179 320 1220 rum
338 1159 414 1220 Nam
427 1155 563 1230 cumbae'c
580 1159 739 1239 praediceret
754 1158 825 1217 cirta
842 1175 944 1218 annum
955 1155 1041 1218 Urbis
1057 1159 1142 1240 seprin
1162 1177 1214 1218 etr·

247 1237 387 1319 tesrmum3
405 1241 492 1324 (tunt
506 1241 582 1303 enim
596 1239 688 1300 Varro
698 1240 757 1298 baec
767 1235 890 1319 scripsit)
900 1258 975 1298 anno
985 1175 1213 1321 odingentedmo
1231 1315 1233 1326 Ι

249 1319 382 1382 vicesimo
406 1323 505 1403 primo
521 1323 604 1382 trium
622 1319 842 1402 Imperatorum,
859 1315 976 1394 Galbae,
996 1316 1141 1394 Othonis,
1155 1319 1214 1382 Vi·'

250 1400 314 1462 tellii
333 1404 507 1464 tumultuaria
528 1401 622 1478 caede,
639 1403 773 1462 incertum
793 1399 839 1460 diu
857 1402 890 1461 ἃ
908 1398 984 1484 quast
1003 1419 1107 1484 vagum
1125 1401 1214 1482 impe·

248 1482 321 1544 rium
339 1482 401 1544 luit.
412 1483 484 1544 stetit
502 1501 611 1552 tamen,
628 1479 779 1562 marditque
801 1479 954 1556 incolume,
969 1481 1094 1562 usquein
1108 1501 1214 1542 annum

248 1560 335 1623 Urbis
348 1564 522 1626 millesrroum
533 1563 749 1626 ducentesimum
768 1559 909 1624 odavum.
927 1579 992 1626 tunc
1002 1561 1131 1637 Vandali,
1143 1561 1216 1625 duce

249 1639 422 1720 Genserico‚
440 1646 582 1708 dominam
604 1646 702 1706 urbem
725 1641 855 1703 omnibus
877 1643 975 1724 opibus
1002 1641 1166 1724 spoliarunt,
1180 1643 1215 1706 &

244 1723 385 1808 'direptam
411 1729 593 1809 reliquerunt,
615 1725 803 1805 imperialibus
828 1726 996 1787 ornamentis
1015 1725 1046 1784 or
1065 1723 1215 1806 insignibus

250 1804 344 1868 secum
358 1805 385 1866 i'n
400 1807 526 1869 Africam
544 1807 687 1870 translatis.
706 1806 744 1864 ita
756 1805 876 1882 Rotnani
890 1806 998 1888 imperii
1008 1803 1135 1878 majestas
1148 1825 1216 1864 con.

250 1887 316 1946 cidit
329 1887 390 1970 poll
411 1888 561 1950 duodecim
578 1887 685 1961 secula,
698 1903 761 1968 quae
776 1885 891 1947 Vettius
904 1903 990 1968 augur
1004 1884 1136 1960 judicavit
1169 1907 1216 1946 or.

118 1959 134 1984 ⁶
250 1967 327 2027 tendi
347 1968 495 2029 duodecim
521 1968 666 2043 vulturiis,
687 1970 736 2050 qui
758 1968 786 2026 in
811 1964 933 2048 auspicio
955 1964 1107 2031 condendae
1158 1967 1217 2029 rbis

165 2051 168 2056 '
197 2052 199 2055 ’
250 2045 376 2110 Romulo
388 2048 561 2113 addixerunt.

553 2169 602 2242 ru
626 2148 909 2279 eronun‘xx.
942 2227 945 2234 .

291 2303 443 2365 Decemviri
453 2326 511 2366 cun
522 2304 592 2389 δια]
604 2305 768 2369 Decemviri
785 2307 874 2388 legem
884 2305 1002 2368 tulerunt
1013 2305 1049 2368 de
1061 2308 1157 2382 ureris,
1169 2318 1216 2380 ctus

252 2383 298 2458 jus
307 2386 468 2465 particulam
478 2389 517 2449 ita
527 2405 692 2468 conceptam
704 2387 791 2462 fuisse,
802 2406 837 2446 ex
846 2383 940 2447 Gellio
952 2389 1103 2470 colligimus
1114 2387 1214 2451 :Ten-

211 2500 216 2511 ·
253 2481 335 2527 rrers
350 2483 529 2529 nouorunrs
539 2477 742 2530 commosis
760 2483 848 2527 nuno
862 2474 1041 2530 conterunt
1052 2485 1217 2532 nnocrru-

252 2561 298 2608 το
332 2565 555 2622 ouuuuerque
575 2565 662 2612 erus
692 2564 878 2615 aestumare
906 2564 978 2610 sun
1005 2565 1239 2616 estiomenus

253 2625 430 2710 Eamlegem
442 2630 539 2690 Varro·
554 2629 675 2690 sortaliis
686 2631 724 2691 ita
737 2633 942 2710 interpretatur:
960 2630 1146 2692 Decemviros
1161 2654 1217 2694 vo-

251 2705 330 2768 luisse
348 2708 420 2769 duos
437 2730 522 2770 nexos
542 2711 575 2774 dt
587 2711 710 2773 amietos
732 2713 779 2772 uni
802 2711 949 2786 creditori,
973 2733 1031 2771 non
1049 2711 1146 2787 simul,
1170 2711 1218 2775 sed

255 2809 393 2870 quemque
408 2810 508 2850 eorum
525 2789 669 2871 separatim
687 2794 766 2852 trinis
785 2792 916 2852 nundinis
938 2794 1073 2852 continuis
1090 2793 1125 2854 ad
1137 2813 1218 2875 prae-

254 2884 345 2929 torem
366 2872 398 2928 in
417 2873 562 2932 comitium
588 2872 720 2953 produci,
742 2889 908 2957 quantoque
931 2875 1053 2956 pecunie
1081 2875 1216 2950 judicatus

254 2947 339 3027 esset,
353 2951 517 3030 praedicari,
952 3026 957 3032 Ι

296 3031 408 3092 Praeter·
425 3054 467 3114 am
483 3033 586 3093 duobus
602 3032 677 3116 deo]
690 3034 799 3096 Nonius
813 3035 859 3096 bic
872 3033 1001 3097 observat
1022 3055 1126 3098 vocem
1148 3031 1218 3096 Bau

255 3113 286 3172 ie
303 3132 356 3194 pro
372 3133 391 3172 o
413 3111 508 3176 scure:
521 3133 582 3195 quae
597 3135 661 3175 cum
679 3116 708 3174 in
725 3115 767 3175 bis
779 3115 873 3177 verbis
889 3137 945 3176 non
963 3114 1068 3191 e‘xstet,
1083 3136 1217 3198 apparet,
1278 3135 1282 3152 ·

255 3193 348 3255 iocum
364 3193 418 3255 else
432 3195 560 3256 mutilum
570 3192 789 3275 &corruptum
805 3197 980 3271 Videndum,
996 3219 1032 3260 an
1045 3199 1099 3280 legi
1118 3197 1220 3277 possut
1300 3197 1303 3210 ’

258 3273 451 3358 ermemirum,
470 3279 601 3346 duodecim
619 3281 648 3336 in
666 3279 776 3357 primis,
792 3277 828 3360 cst
845 3280 971 3360 scriptum
995 3279 1088 3352 balbe,
1105 3283 1217 3360 speum

257 3355 324 3416 velit
331 3357 423 3436 potius
442 3380 519 3438 quom
538 3359 717 3433 uoluntatem,
730 3359 832 3420 debeam
849 3379 900 3417 non
918 3377 1004 3420 catum
1017 3361 1043 3420 d.
1062 3383 1095 3422 m.
1114 3359 1145 3430 si,
1157 3381 1220 3422 ma·

257 3435 383 3518 gistratus
402 3439 430 3495 in
444 3438 609 3514 judicando,
628 3442 656 3498 in
676 3442 736 3510 uit,
755 3439 980 3520 potius-spesinre
996 3442 1063 3502 velit
1079 3443 1218 3504 verbale·

259 3535 326 3599 gum
342 3516 474 3592 obscura,
493 3524 612 3582 maxime
702 3515 777 3581 Tab.
794 3539 878 3601 quum
898 3538 1018 3584 mentem
1036 3543 1069 3584 ac
1085 3524 1218 3584 volunta·

259 3613 318 3659 tem
340 3598 572 3680 legumlatorum‚
590 3604 708 3663 omnino
727 3622 784 3662 non
802 3603 860 3662 exit
878 3601 921 3663 ille
939 3603 1059 3682 prudens
1077 3601 1218 3683 magistra·

259 3691 314 3741 tus.
334 3677 426 3756 Nam,
444 3699 474 3740 ut
493 3682 531 3741 ait
546 3678 643 3756 Celsus
664 3681 711 3742 lib.
735 3703 772 3762 ²7
796 3679 905 3766 Digest.
925 3683 995 3744 Scire
1012 3684 1099 3764 leges,
1115 3705 1168 3742 non
1183 3683 1218 3763 esi

260 3761 443 3822 cethaeorum
462 3779 561 3835 tencre,
577 3763 628 3844 sed
642 3763 696 3822 vim
715 3783 748 3823 ac
758 3765 917 3846 potestatem.
937 3763 969 3826 δι
991 3764 1038 3824 lib.
1060 3782 1116 3844 22:
1134 3763 1238 3825 Bau.

280 3841 339 3902 nius
355 3841 425 3922 seges
439 3838 633 3924 interpretanda
644 3844 719 3922 fient,
737 3866 788 3925 quo
806 3839 930 3904 ioluneas
944 3865 1030 3904 earum
1048 3847 1214 3923 conservetur.

251 3861 333 4068 {ddi
341 3924 454 4066 penpinbet
468 3921 530 3985 see
546 3921 652 3989 cecili
665 3925 817 4012 delegibus
827 3923 882 3986 Xll
892 3921 965 4003 Τὼ.
983 3921 1129 4007 dissertatio
1143 3923 1218 4006 apud

334 4023 383 4066 irim
437 4024 508 4070 affl·
609 4034 614 4042 ⁴
