3209 4967
444 548 518 619 ru
568 548 866 622 tronum
918 551 962 625 v,
1118 575 1223 649 155,
1330 582 1333 588 ,

268 711 315 771 lin.
339 730 387 772 21.
412 708 663 796 Baitia-qmn
684 712 837 778 comediam=
857 710 907 771 elii
927 710 974 792 effe
996 710 1115 795 dieunt]
1136 716 1184 778 Μ.

225 791 320 866 hirtii,
338 790 411 852 dotti
437 791 491 874 viri
505 791 675 888 scribendum
695 809 799 874 putant.
820 789 863 852 Sic
885 796 1012 872 proximo
1029 794 1116 869 libro,
1137 798 1184 857 M.

227 875 325 939 Attius
348 875 377 932 in
400 874 512 1011 Cqfina,
531 876 607 958 Quid
620 874 777 957 fringuu's?
805 872 927 935 Plautum
955 876 1099 957 utrobique
1131 878 1187 937 hoc

227 958 339 1015 nominc
355 953 423 1035 signi
446 956 500 1017 tari
515 954 621 1018 scimua
635 955 690 1034 Sed
710 955 777 1037 quid
788 954 823 1015 de
839 956 945 1019 Boeotiae
959 955 1068 1019 auiiore
1084 954 1188 1037 judica·

227 1039 303 1097 verit
317 1036 394 1097 idem
413 1036 508 1100 varro
530 1039 557 1100 in
575 1038 648 1096 libris
665 1038 702 1098 de
721 1036 867 1099 comodis
884 1036 1029 1111 Plautinis,
1050 1038 1188 1099 videndus
1231 1088 1235 1093 f

230 1115 336 1178 Gellius
350 1118 397 1178 lib.
415 1139 447 1199 3,
465 1138 526 1199 cap.
551 1139 576 1200 3.
595 1122 783 1185 AUGUSTIN.
807 1121 896 1198 Quam
921 1120 997 1181 AElii
1015 1118 1061 1199 ff
1081 1119 1188 1180 dicunt:

229 1219 263 1259 ex
275 1198 378 1259 Gellio.
391 1198 534 1260 Translata
551 1219 645 1261 autem
658 1200 707 1260 suit
723 1212 762 1261 ert
774 1201 942 1280 Antiphane,
954 1221 1038 1282 quem
1049 1197 1141 1262 'citant
1157 1202 1186 1259 in
1241 1210 1244 1216 ’

229 1279 340 1343 Boeotia
349 1283 547 1361 grammatici:
568 1281 662 1345 Pollux
679 1282 723 1342 lib.
745 1301 791 1354 10,
808 1282 958 1343 Athenaeus
976 1283 1019 1343 lib.
1046 1302 1088 1353 ¹4·
1108 1282 1192 1345 Sell-

231 1376 301 1423 uo.
324 1363 407 1423 Forte
424 1361 517 1426 melius
535 1364 639 1426 Attiiii.
657 1362 734 1423 Nam
753 1362 846 1423 Varro
870 1368 899 1422 in
916 1365 986 1425 libro
1008 1363 1043 1423 de
1067 1361 1190 1424 Cornoe·

228 1442 281 1504 diis
303 1442 432 1508 Plautinis
457 1443 563 1519 refert,
592 1445 733 1518 Booetiam
755 1446 825 1507 inter
846 1446 980 1526 legitimas
996 1444 1082 1506 Plauti
1108 1444 1191 1505 sabu-

229 1522 269 1586 hs
289 1545 347 1584 non
363 1525 479 1598 censeri,
495 1527 526 1586 δι
543 1528 629 1609 vulgo
651 1526 770 1587 adscribi
790 1526 833 1587 M.
848 1526 966 1589 Attilio:
988 1525 1014 1587 se
1036 1542 1128 1585 tamen
1142 1525 1190 1613 aq-

233 1604 345 1665 duiium
363 1605 423 1667 stilo
436 1626 518 1687 atque
533 1607 626 1690 lepore
641 1606 785 1681 sermonis,
803 1628 859 1667 non
871 1608 1007 1681 dubitate,
1024 1607 1090 1687 quin
1106 1605 1193 1665 Plauti

230 1683 310 1747 soret
327 1686 370 1748 Ex
388 1688 429 1748 illa
448 1690 557 1771 vulgata
574 1691 703 1770 opinione
720 1691 763 1749 hic
780 1691 835 1769 ait,
847 1690 943 1752 Artilii
961 1688 1007 1768 effe
1023 1690 1122 1748 dieunt.
1139 1686 1192 1747 Iste

230 1786 303 1827 veto
326 1769 364 1828 est
383 1770 510 1843 Attilius,
526 1773 573 1853 qui
593 1794 609 1830 a
627 1772 762 1835 Vulcatio
786 1768 909 1851 Sedigito
922 1772 1019 1851 quinto
1041 1770 1104 1828 loco
1122 1769 1191 1827 inter

229 1844 366 1911 Comicos
387 1852 516 1913 refertur:
534 1850 583 1916 etst
604 1850 706 1913 Cicero
725 1850 896 1911 dutiffimum
914 1871 977 1913 eum
999 1851 1123 1909 nominat
1144 1868 1192 1920 ert·

231 1928 404 2010 scriptorem,
421 1932 496 2012 quod
515 1919 633 2015 integras'
649 1932 754 1997 fabulas
769 1954 805 1993 ex
820 1935 910 2013 poetis
923 1930 1029 1993 Graecis
1044 1944 1192 1991 converte·

232 2027 282 2071 ret.
303 2012 432 2073 Meminit
449 2013 544 2076 Varro
564 2014 609 2075 lib.
626 2018 654 2079 6.
677 2013 807 2079 ΡοΡΜιι.

272 2092 320 2151 lin.
342 2115 387 2173 25.
405 2094 571 2241 Horame4m
588 2095 713 2177 tertiam]
730 2094 797 2155 Non
815 2094 1029 2179 negligendum,
1076 2090 1114 2151 od
1128 2090 1193 2153 scri·

204 2173 271 2233 ·bit
290 2171 474 2248 Censorinus,
491 2179 520 2237 in
567 2175 594 2237 ll
608 2178 704 2236 tabulis
719 2175 851 2259 nusquam
876 2176 1006 2237 horarum
1021 2196 1036 2236 e
1060 2195 1074 2234 e
1092 2172 1194 2234 faiiam

231 2256 499 2317 mentionemllin.
521 2257 593 2318 libro
614 2278 649 2335 7:
667 2260 815 2318 Duodecim
834 2259 933 2318 rabulis
955 2277 1028 2318 ortus
1048 2252 1193 2315 rantum&¹

232 2338 341 2416 occasus
355 2339 513 2399 nominatum
523 2361 532 2398 .·
541 2341 599 2419 posi
616 2340 718 2419 aliquot
727 2361 814 2399 annos
830 2338 947 2420 amenus
960 2341 987 2399 ὃ
1002 2336 1133 2405 meridies,
1150 2356 1197 2396 ao·

231 2420 307 2496 cenfir
323 2420 397 2480 Coss.
414 2420 445 2479 id
458 2422 657 2498 pronuntiante.
671 2419 807 2485 §CALIG-

273 2498 318 2557 lin.
342 2522 390 2578 27.
416 2502 515 2563 Circum
536 2523 598 2561 aras
617 2503 685 2561 mitti
697 2500 832 2583 strictum]
854 2501 912 2564 Aut
929 2501 1023 2562 circum
1039 2520 1145 2573 muros,
1164 2512 1196 2559 ut

130 2631 134 2642 ,
232 2578 321 2661 supra.
339 2585 397 2643 Aut
418 2583 512 2641 circum
527 2604 609 2653 arus,
629 2582 734 2658 idest,
754 2603 814 2641 aras
833 2583 973 2664 pomoerii.
992 2582 1126 2643 SCALIG.

273 2660 321 2727 liu.
340 2662 614 2748 31.1nquilirionit.]
634 2663 726 2747 Marg.
743 2662 842 2747 Scalig.
862 2662 1067 2749 Anquifitionis.

586 2828 731 2939 ‘Pagina
769 2828 829 2924 76.
851 2802 856 2813 ¹

275 2972 321 3034 lin.
344 2994 368 3038 r.
387 2973 445 3054 Qui
458 2975 555 3055 cepitis
572 2974 708 3054 aecufiauit
724 2971 867 3053 Trogum]
884 2968 919 3030 Et
934 2969 977 3029 hic
997 2989 1091 3041 error,
1106 2986 1136 3029 ut
1147 2988 1198 3049 pu·

233 3069 284 3127 to,
304 3076 372 3137 pto,
394 3058 439 3138 qui
460 3059 556 3136 eapitis
571 3055 714 3136 anquifiuit
740 3056 861 3135 Trogum.
887 3050 968 3130 Quid
986 3049 1018 3109 stt
1037 3052 1198 3132 anquirere,

233 3136 304 3199 satis‘
314 3156 420 3198 notum.
438 3137 588 3202 Scnuo.
836 3178 839 3187 ι

275 3217 321 3279 lin.
336 3240 363 3279 2.
380 3220 511 3301 Auspicio
526 3216 653 3300 orando]
671 3218 819 3279 Exorando
833 3213 955 3297 quidam.
970 3212 1152 3273 Aucusrrrt.

277 3298 324 3360 lin.
347 3320 377 3373 4.
396 3303 577 3362 Commeatum.
598 3297 717 3379 pratoies
732 3294 925 3378 vormersen]
950 3297 1014 3358 eun
1034 3311 1079 3353 eat
1096 3302 1201 3375 proco.

234 3400 305 3440 reum
320 3398 394 3441 uocet
407 3386 444 3443 ad
463 3399 496 3445 te.
513 3382 647 3447 Solimo.

277 3460 324 3521 lin.
344 3462 375 3524 6.
395 3449 555 3525 cornutam
571 3467 610 3525 ad-
623 3461 725 3545 priuati
734 3460 884 3541 januam]
907 3456 999 3534 Hujus
1017 3454 1120 3538 antiqui
1136 3474 1201 3515 mo·

236 3543 273 3606 ris
296 3540 457 3606 Plutarchus
479 3545 605 3607 meminit
618 3546 647 3602 in
664 3542 858 3605 Gracchorum
875 3543 934 3605 vita
955 3559 990 3599 ex
1011 3540 1138 3601 oratione
1162 3534 1202 3597 C.
1267 3552 1270 3560 ’

236 3622 362 3685 Gracchi
376 3623 455 3687 Trib.
475 3625 546 3706 pleb.
556 3623 669 3697 ,Καίτοι
686 3621 816 3703 πατρώι’
830 3622 910 3683 ἐστιν
929 3616 1013 3699 lule,
1028 3620 1098 3681 εἴτις
1119 3616 1202 3694 ’ἔχων

237 3702 321 3767 Sirim
337 3704 491 3770 huuurrniu
505 3705 546 3786 uit
560 3699 718 3778 timemini,
740 3703 841 3764 τούτου
856 3707 925 3785 mplr
941 3701 1105 3781 cinthinus.
1120 3694 1204 3759 ἕωθεν
1249 3767 1251 3775 y

239 3784 365 3849 ἐλθόντα
384 3786 576 3867 σαλπιγκτὴν
601 3784 816 3852 ἀνακαλεῖσθαι
834 3784 872 3863 τῇ
891 3788 1068 3881 σάλπιγγι,
1091 3778 1141 3839 καὶ
1160 3776 1204 3853 reti

237 3867 368 3948 πρότερον
385 3864 620 3949 &nuntiantium
630 3862 708 3945 αὐτῷ
723 3866 957 3953 τιὺιέικαατέιι·
975 3858 1062 3926 utitur
1075 3854 1208 3929 εὐλαβεῖς

215 3950 220 3955 ’
239 3950 290 4012 καὶ
305 3948 528 4030 πεφυλαγμένοι
546 3950 612 4031 erepl
628 3954 683 4011 titt
700 3948 800 4029 κρίσεις
815 3950 899 4011 tinen.
914 3944 1010 4027 ltaque
1030 3964 1065 4013 co
1083 3941 1206 4024 speciant

238 4028 367 4117 5fla,quae
378 4030 537 4118 sequuntur:
551 4032 645 4095 inuret
657 4030 865 4111 eiaffieuscanat
879 4049 943 4101 tum,
953 4028 1093 4109 circumque
1104 4044 1203 4107 muros,
