3209 4967
409 526 477 590 122'
739 514 773 586 N
823 516 857 587 O
906 514 940 585 T
989 514 1031 589 AE
1169 540 1172 549 ’

404 672 465 734 Ubi
491 671 573 731 etiam
595 668 722 730 videmus
742 670 896 755 σύριγγας
922 669 1015 733 Latine
1040 664 1143 732 tullios
1155 682 1274 734 vocatos
1295 670 1368 749 esst,

408 756 455 835 qui
470 753 503 814 &
512 750 650 830 salientes.
664 752 795 815 Scitne.

445 833 492 896 lin,
510 852 556 893 10.
572 832 604 891 sn
621 832 706 892 Bruto
721 830 843 915 cuffiam]
860 832 946 913 vulg.
964 831 1050 911 Caffir'.
1065 830 1130 907 Hic,
1150 832 1181 893 &
1199 834 1269 893 libro
1286 832 1371 914 supe·

405 915 476 972 riore
499 914 572 973 male
590 912 748 995 Caffir',pro
770 916 853 975 Arrii.
875 912 1007 975 Meminit
1025 912 1175 976 &Cicero
1195 917 1256 989 ejus
1271 914 1370 975 fabulae

407 996 436 1053 in
455 994 531 1057 libris
546 993 583 1056 de
596 992 799 1068 Divinatione,
814 996 883 1056 &in
897 995 1032 1055 Sextiam.
1049 995 1186 1057 Seruo.

447 1074 492 1136 lin.
521 1094 565 1136 rr.
586 1077 669 1137 Notle
693 1076 840 1156 intempesta
867 1080 977 1159 nostram
997 1078 1099 1137 devenir
1122 1074 1255 1157 domum]
1275 1074 1374 1137 Verba

405 1153 468 1220 sint
483 1154 618 1218 Lucretiae
636 1155 813 1239 adparentes
829 1155 908 1232 suos,
922 1178 986 1219 cum
1000 1156 1036 1219 de
1058 1156 1162 1218 nefaria
1180 1158 1293 1222 audacia
1309 1155 1373 1219 Sex.

408 1234 556 1316 Tarquinii
573 1240 756 1318 conqueritur.
775 1238 911 1303 Ovidius:
1183 1308 1185 1312 Ι

449 1320 517 1379 Nox
538 1320 653 1391 eram&
673 1334 729 1379 tota
745 1320 845 1379 summa
863 1318 938 1381 nulla
955 1322 1038 1381 domo.
1057 1318 1192 1382 Seruo.

407 1397 487 1459 Idem
504 1420 556 1481 pro
572 1400 677 1458 devenir
693 1401 720 1459 io
739 1402 862 1483 margine
884 1403 1002 1463 advenit.

448 1482 495 1538 lin.
521 1480 566 1541 16.
594 1480 755 1543 Videbimus.
766 1480 869 1563 fassum
892 1483 1014 1554 voluti,
1030 1482 1112 1542 redito
1130 1478 1295 1561 conticinio]
1322 1484 1375 1542 Vr·

409 1561 530 1635 debitur,
548 1558 652 1641 fielium
670 1563 751 1626 volo:
775 1564 856 1623 redito
877 1566 928 1624 siue
955 1562 1106 1625 conticinio.
1131 1560 1269 1627 Flauum
1294 1561 1375 1628 Asin.

410 1643 680 1803 qupqpirbw
701 1724 733 1806 .]
753 1726 779 1787 Τ
776 1747 827 1787 unc
843 1723 898 1785 dies
915 1724 957 1863 qs.
968 1724 1152 1786 ΑυῦυςτιΝ.

450 1803 511 1864 ead.
522 1806 555 1867 ἃ
566 1806 605 1887 sq.
626 1808 788 1887 Sossirium,
806 1809 877 1887 quod
887 1807 920 1888 so
950 1828 980 1866 eo
993 1807 1035 1867 die
1043 1806 1129 1889 fissere
1145 1804 1291 1885 videntum]
1308 1804 1378 1865 Me-

410 1884 482 1958 lius,
516 1889 569 1945 uod
581 1888 640 1968 solo
663 1888 797 1969 diefistere
815 1890 950 1952 videretur.
970 1886 1045 1948 Nam
1063 1888 1145 1950 altera
1159 1886 1247 1969 etymi
1265 1883 1345 1945 causa
1360 1907 1379 1946 a
1446 1920 1449 1928 ·

409 1963 475 2027 sole.
541 1982 633 2029 ALIO.
653 1964 766 2049 Duplex
781 1989 899 2050 etymon
914 1968 1039 2050 ferissimi:
1055 1968 1171 2029 alterum
1187 1986 1204 2025 a
1219 1966 1289 2047 solis
1310 1966 1382 2047 insti.

412 2047 493 2121 mone,
504 2064 533 2106 ut
544 2049 665 2129 loquitur
673 2046 794 2123 Cicer03
812 2050 923 2110 alterum
935 2072 951 2110 a
961 2050 1030 2145 solis
1049 2050 1128 2111 itiotre
1139 2048 1174 2111 ad
1184 2066 1234 2107 nos
1251 2045 1379 2109 versum:

410 2127 489 2207 quod
507 2148 595 2187 unum
617 2140 727 2210 tempus
758 2146 868 2191 veteres
892 2150 1004 2189 nomme
1024 2130 1131 2209 firsstirir’
1153 2129 1321 2210 intelligunt,
1344 2127 1378 2189 &

410 2206 487 2286 quod
506 2228 556 2268 nos
574 2210 705 2268 hibernum
713 2210 853 2291 firlstr'tium
862 2210 995 2283 dicimus,
1010 2228 1114 2271 vocant
1123 2212 1251 2281 brumam,
1261 2224 1291 2267 ut
1300 2208 1379 2267 Var.

410 2307 445 2345 ro
462 2288 516 2374 iiic,
529 2289 561 2349 δι
578 2290 680 2352 Cicero
698 2290 744 2353 lib.
759 2313 775 2351 2
800 2292 837 2350 de
848 2290 913 2352 Nar.
928 2290 1015 2351 Deor.
1036 2288 1231 2372 Solisacceffirs
1246 2288 1381 2371 disceffits-

413 2390 462 2450 que
475 2370 595 2453 firlptriis
618 2372 762 2453 brumifique
773 2372 938 2453 cognoscitur.
962 2372 1094 2435 Forma,
1268 2390 1271 2397 ·

452 2451 500 2513 tin.
517 2473 564 2512 20.
586 2452 647 2513 Aur
667 2454 737 2533 quod
755 2453 801 2533 firl
816 2456 854 2512 ad
866 2475 917 2513 nos
941 2456 1061 2535 vastam,
1077 2454 1225 2535 proximum
1246 2450 1379 2593 ‘ssstlffi‘

416 2530 512 2613 rium]
533 2530 682 2594 Manifesto
696 2533 844 2595 mendosus
858 2534 944 2596 locus.
962 2556 1027 2595 nam
1042 2554 1131 2616 neque
1150 2534 1237 2596 verba
1253 2536 1310 2613 ipa
1329 2552 1381 2591 co·

415 2612 539 2687 haerent,
553 2634 643 2695 neque
660 2616 750 2697 erymi
767 2614 848 2676 causa
865 2618 1023 2699 explicatur.
1042 2614 1104 2676 Nos
1118 2618 1154 2674 ita
1172 2615 1304 2696 legimus:
1319 2616 1381 2672 Aut

379 2733 382 2738 ‹
413 2696 486 2773 quod
498 2695 544 2775 fir!
562 2697 698 2777 adversim
716 2716 765 2754 nos
777 2716 904 2777 proxume
921 2700 992 2779 fleu
1006 2697 1051 2758 vel
1070 2698 1178 2778 potius:
1197 2696 1277 2775 Quod
1286 2693 1331 2776 sol
1344 2695 1384 2752 ad

414 2775 514 2853 verfirm
534 2795 691 2855 proxumum
710 2778 768 2858 ster.
791 2778 932 2840 translatio
949 2802 965 2840 a
983 2778 1080 2837 bubus
1107 2776 1226 2837 Versum
1245 2774 1383 2857 sequidem

416 2857 560 2916 vocabunt
577 2855 687 2929 rustici,
708 2878 772 2918 cum
793 2858 868 2919 sulco
885 2860 920 2919 ad
935 2858 1020 2920 finem
1038 2858 1169 2938 perdusio
1189 2858 1289 2918 iterum
1310 2855 1384 2915 redi·

417 2950 463 2995 tur
476 2957 529 3011 eo,
539 2938 611 3015 unde
627 2940 756 3000 arationis
768 2940 929 3021 principium
946 2938 1157 3017 suscipiebatur:
1177 2938 1253 3017 quod
1269 2936 1382 2997 versum

420 3016 550 3100 peragere
575 3020 673 3080 dicitur
694 3018 782 3081 Plinio
800 3022 847 3087 lib.
870 3021 913 3083 18.
932 3021 980 3082 Ab
997 3039 1032 3080 eo
1046 3016 1161 3091 Graeci,
1176 3034 1206 3076 ur
1221 3018 1261 3075 air
1278 3014 1385 3075 Pausa-

418 3097 500 3172 nias,
515 3100 721 3182 soumprpnsiv
740 3097 865 3183 γράφειν
889 3102 1034 3171 dicebant,
1052 3118 1116 3159 cum
1133 3113 1190 3157 utro
1206 3095 1287 3157 versu
1301 3114 1383 3175 pera·

419 3175 466 3239 &o
487 3180 516 3239 in
529 3183 646 3262 pagiua,
665 3182 731 3243 inde
749 3182 862 3242 sumitur
885 3182 990 3240 initium
1007 3180 1042 3241 ad
1058 3180 1140 3239 alium
1165 3177 1382 3259 progrediendi,

418 3274 450 3317 ut
466 3259 495 3317 in
512 3278 597 3321 arato.
616 3260 708 3340 Quod
727 3283 781 3324 nos
800 3278 897 3323 contra
914 3260 1039 3320 facimus.
1059 3280 1123 3319 nam
1143 3257 1223 3329 versu
1244 3259 1382 3339 perusio,

418 3337 496 3398 idem
513 3339 618 3423 semper
636 3343 743 3404 initium
762 3342 955 3424 progrediendi
968 3359 1102 3402 tenemus.
1120 3337 1166 3400 Sic
1180 3340 1261 3420 igitur
1281 3337 1320 3399 sol
1329 3340 1384 3399 ele·

419 3418 603 3500 gantiffimea
618 3422 747 3485 Varrone
757 3426 854 3485 <sititur
869 3422 1029 3483 adversum
1045 3422 1204 3501 proximum
1218 3418 1299 3492 stare,
1317 3440 1383 3484 cum

418 3500 986 3667 {ffifflffu⁵³⁰1³ssi'⁰s‘³{2}vs¹¹s
998 3500 1384 3644 stertisset?

419 3662 511 3724 abeo
530 3608 640 3742 dietus,
658 3666 732 3747 quod
747 3608 803 3727 sse}J
821 3629 915 3726 versus
923 3604 1113 3745 ypercurrgndi
1132 3678 1226 3739 erant,
1241 3682 1311 3745 quos
1325 3625 1381 3724 vo3

421 3762 487 3805 cant
503 3745 634 3817 ἅλικας,
655 3760 785 3827 tanquam
801 3744 1048 3809 sulcos.SeAL1G.
1329 3752 1334 3765 “

459 3824 508 3887 lim
526 3847 573 3909 23.
587 3827 820 3908 AEquinoaim]
839 3828 929 3890 Etiam
946 3826 1106 3909 AEquidiale
1120 3824 1198 3907 apud
1213 3838 1338 3899 veteres,
1354 3840 1384 3883 ut

420 3903 504 3983 supra
520 3913 725 3974 annotavimus.
737 3908 770 3972 lu
785 3930 843 3993 quo
852 3910 934 3976 secuti
949 3908 1009 3973 sunt
1023 3908 1151 3989 Graecos,
1162 3911 1210 3991 qui
1223 3904 1385 3993 ίσημςρινόν.

299 4048 302 4058 ,
418 3982 551 4052 Scauro.
