3209 4967
441 527 486 575 ao
731 502 805 571 ,Ν
855 504 890 573 Ο
940 501 973 572 T
1021 502 1064 576 AE

439 664 569 723 videntur
579 683 611 723 ea
623 626 759 737 deeffe,in
770 616 875 743 'quibus'
888 663 1041 740 explicabat
1050 665 1154 737 Varro,
1163 665 1229 745 quid
1242 664 1307 726 esset
1318 666 1398 727 Ado·

409 808 417 815 ,
439 766 486 803 rea
502 748 529 803 in
546 744 672 823 exemplo
688 742 798 823 Sulpicii
813 762 891 803 antea
910 737 1039 805 indatio.
1054 745 1101 805 Ad
1111 747 1187 825 quod
1203 747 1398 809 declarandum

438 826 548 884 videtur
573 823 691 885 laudasse
706 824 869 891 versiculum
884 824 971 884 Plauti
993 844 1028 885 ex
1046 826 1253 905 Amphitruone
1276 828 1356 910 supra
1376 850 1397 890 a

365 958 370 977 ,
438 908 519 965 nobis
536 906 713 986 promissum,

400 1000 406 1012 ⁴
480 989 537 1065 Qui
554 990 643 1068 praeda
656 1005 732 1067 atque
752 1008 816 1067 agro
835 987 978 1067 adoremur
995 1009 1012 1043 a
1033 988 1080 1046 ecit
1095 989 1232 1067 popuhtris
1240 989 1315 1069 sitas.

441 1066 543 1142 Unde,
561 1068 638 1147 quod
662 1088 733 1127 nunc
759 1068 867 1129 disserat
888 1069 922 1127 de
941 1068 1052 1148 ptaeda,
1069 1069 1098 1127 id
1117 1069 1170 1128 elle
1187 1091 1221 1128 ex
1238 1070 1396 1131 testimonio

438 1148 546 1221 Plauti,
564 1150 639 1229 quod
655 1148 711 1229 ipse
725 1152 854 1230 explanat
872 1166 987 1229 propter
1007 1150 1095 1209 verba
1112 1150 1155 1209 illa
1168 1146 1292 1231 Sulpicii.
1306 1150 1394 1211 Porro

439 1230 506 1289 nihil
526 1228 563 1289 est
581 1230 744 1289 mutandum
764 1234 791 1289 in
807 1231 898 1290 verbis
918 1230 1071 1301 Varronis,
1086 1246 1116 1289 ut
1130 1247 1208 1310 putat
1224 1231 1397 1294 Vertranius.

437 1332 503 1398 pam
515 1314 595 1369 etiarn
612 1308 732 1391 priedam
749 1312 890 1371 vocabant
904 1310 942 1383 id,
953 1331 1010 1391 quo
1025 1312 1051 1368 in
1069 1312 1250 1370 locationibus
1266 1314 1298 1373 ὃ(
1313 1314 1395 1376 rebus

437 1394 567 1472 mancupi
588 1392 619 1451 ὃ(
632 1392 689 1450 aliis
702 1389 836 1467 ejusmodi
854 1392 963 1471 pubhce
980 1392 1139 1452 cavebatur.
1154 1392 1288 1455 ScALIG.

480 1474 524 1532 lin.
545 1494 589 1551 17.
599 1474 681 1551 Quod
687 1495 718 1532 ea
728 1475 835 1557 pignori
848 1477 914 1534 data
925 1474 1005 1551 duo]
1021 1472 1111 1555 Marg.
1128 1469 1232 1556 scalig,
1245 1496 1274 1534 eo
1284 1474 1395 1555 pignore

367 1604 370 1607 .
438 1558 512 1616 dato.

373 1660 377 1668 ·
481 1636 535 1695 lin..
545 1633 589 1695 18.
613 1635 670 1695 Ubi
683 1657 753 1695 nunc
764 1637 797 1714 esi
815 1640 919 1706 Roma,
932 1634 1025 1715 septem
1039 1634 1161 1693 monrium
1176 1634 1298 1713 demiffior
1313 1638 1393 1716 δια]

438 1714 529 1775 Locus
544 1715 695 1775 mendosus.
716 1719 905 1779 AUGUSTIN.
922 1715 1105 1777 Contexenda
1122 1716 1200 1795 sunt,
1217 1735 1278 1797 quae
1293 1718 1396 1794 disjun-

374 1814 378 1818 ’
439 1798 481 1856 sla
499 1798 558 1855 sunt
576 1796 790 1876 improbissime:
818 1801 874 1858 Ubi
898 1817 968 1858 nnnc
985 1798 1019 1875 est
1036 1800 1123 1856 Roma
1139 1798 1331 1877 septimontium
1347 1821 1395 1858 no.

437 1880 579 1950 minatum,
600 1881 689 1935 abror
708 1880 856 1949 montibus,¹
874 1901 938 1959 quos
953 1880 1040 1958 postea
1055 1880 1116 1937 orbs
1136 1878 1215 1948 muris
1235 1881 1396 1960 comprehen-

438 1961 486 2018 dit.
506 1962 545 2019 At
564 1979 647 2037 rupes
667 1957 791 2037 Tarpeja
811 1981 872 2041 pars
891 1977 953 2020 erat
970 1959 1072 2018 montis
1086 1957 1237 2040 Capitolini
1256 1979 1395 2041 praeceps,

437 2040 510 2099 unde
525 2058 653 2098 nocentes
671 2038 869 2119 dejiciebantur
888 2040 1031 2100 interdum.
1054 2036 1228 2111 Plutarchus,
1245 2040 1320 2102 nnita
1336 2041 1394 2100 ors*-

439 2140 509 2200 apatv
527 2117 571 2180 ’ἔτι
594 2116 639 2181 νῦν
661 2118 687 2181 ἓν
705 2120 747 2196 τῷ
768 2121 938 2199 Καπιτωλίῳ
958 2121 1108 2202 Tapnrn'iatt
1127 2119 1276 2194 καλοῦσιν,
1295 2120 1343 2196 a'to'
1360 2113 1394 2184 iis

437 2199 584 2283 sisinnum
600 2199 665 2261 τοὺς
685 2200 871 2283 κακούργους.
887 2203 1090 2261 Vocabatur&
1115 2202 1207 2263 saxum
1226 2203 1393 2283 Tarpejum.

435 2280 583 2355 Horatius,
596 2282 713 2361 Dejicere
728 2306 741 2341 e
756 2288 825 2362 fraxo
839 2286 917 2343 cives.
938 2284 1087 2344 TURNEB.
1106 2282 1183 2344 Citat
1202 2285 1260 2343 haec
1277 2305 1311 2343 ex
1326 2302 1394 2363 poe·

410 2384 412 2390 ⁴
438 2378 466 2421 ta
482 2365 619 2442 quodam,
635 2365 712 2437 cujus
732 2385 836 2425 nomen
863 2386 919 2423 non
935 2363 1079 2443 apposuit,
1093 2365 1169 2444 quod
1185 2364 1271 2444 vulgo
1293 2363 1396 2424 notiffi-
1445 2418 1451 2424 .

437 2464 499 2502 mus
513 2443 577 2503 esset
600 2441 756 2506 versiculus.
778 2445 827 2505 Est
841 2447 914 2506 enim
935 2444 1091 2505 trochaicus
1106 2447 1210 2527 integer
1230 2466 1294 2505 curu
1313 2466 1393 2507 acro-
1416 2506 1425 2523 ,

318 2522 369 2599 ‘''j
433 2522 548 2585 stichide
571 2524 724 2605 sequentis:

477 2609 535 2665 Hic
552 2607 596 2664 ubi
617 2627 687 2665 nunc
708 2609 742 2688 efl
764 2608 850 2667 Rama
864 2609 961 2689 septem
976 2608 1100 2667 montium
1115 2604 1238 2685 demiffior

476 2688 587 2763 infimus
605 2686 677 2748 locus
694 2721 729 2734 -

434 2767 562 2848 Sequitur
581 2772 655 2828 enim
677 2768 765 2829 statim
788 2768 1058 2849 interpretamentum
1076 2765 1159 2847 ipsius
1173 2767 1329 2844 Varronis,
1348 2770 1395 2828 ln-

431 2852 532 2927 fimus,
555 2850 725 2909 hurnillimus.
755 2848 846 2928 Quod
871 2870 961 2910 autem
983 2849 1150 2911 dosliffimus
1175 2849 1325 2913 Turnebus
1347 2849 1393 2907 hic

432 2931 579 3011 legendum
598 2930 707 3005 censet,
722 2933 937 3011 Septimontium,
953 2950 995 2990 nae
1014 2934 1036 2990 is
1046 2932 1162 2990 multum
1177 2930 1287 2989 sallitur.
1303 2929 1394 3009 Septi·

432 3013 571 3070 montium
587 3014 659 3071 enim
688 3032 827 3093 nunquam
850 3012 901 3072 suit
922 3012 999 3070 loeus
1016 3012 1135 3082 Romae,
1154 3010 1200 3068 sed
1220 3010 1278 3067 dies
1295 3007 1393 3084 festus,

435 3092 481 3151 vel
501 3100 592 3171 potius
614 3092 740 3164 sacrum,⁸
759 3093 835 3171 qnod
857 3093 959 3172 septem
980 3094 1120 3150 montibus
1148 3088 1241 3149 fiebat.
1263 3089 1394 3151 Meminit

434 3170 621 3231 Tertullianus
642 3174 711 3230 libro
734 3172 769 3232 de
789 3171 965 3232 Idololatria:
986 3172 1096 3246 Etiam,
1119 3171 1223 3250 inquit,
1237 3172 1326 3249 sirena
1342 3192 1392 3230 ca·

431 3255 557 3331 prandet,
578 3250 614 3331 se⁸
617 3253 831 3331 septimontium,
848 3255 874 3311 ὁ
892 3254 1004 3322 bruma,
1022 3252 1049 3312 δ’
1072 3273 1138 3311 tara
1156 3252 1321 3333 cognationis
1338 3255 1394 3311 ho·

434 3335 537 3391 notaria
554 3333 683 3411 exigenda
702 3334 799 3393 omnia.
825 3333 960 3398 SeihlG.
983 3330 1029 3392 Est
1046 3331 1141 3394 versus
1159 3329 1270 3411 alicujus
1289 3333 1393 3392 veteris

433 3428 540 3491 poetae,
553 3414 730 3473 describentis
750 3412 830 3473 situm
852 3431 948 3483 terrae,
970 3415 1015 3472 ubi
1040 3412 1103 3495 post
1126 3413 1238 3474 condita
1258 3412 1308 3472 suit
1332 3412 1394 3475 Ro-

433 3489 498 3557 ma:
515 3497 558 3554 cui
576 3493 631 3555 fere
652 3497 774 3575 geminus
797 3495 839 3554 ille
853 3493 959 3575 Virgilii
978 3514 993 3573 3
1011 3494 1120 3558 AEneid.

615 3608 736 3625 ——-
745 3578 857 3635 nondum
872 3578 952 3636 Ilium
968 3576 1076 3635 &arces

472 3658 619 3736 Pergameo
636 3661 776 3738 sitierant,
793 3657 951 3717 habitabant
971 3657 1088 3714 vallibus
1096 3656 1170 3726 imis.

430 3736 610 3799 Eum-Varro
621 3739 663 3798 hic
676 3739 801 3810 adducit,
817 3756 864 3813 ut,
883 3738 1012 3817 quoniam
1033 3729 1162 3797 hadenus
1178 3736 1326 3817 explicavit
1336 3736 1392 3798 ori·

430 3824 509 3900 gines
536 3821 756 3895 vocabulorum,
774 3838 835 3899 quae
863 3820 899 3877 ad
916 3819 1031 3877 humum
1057 3820 1208 3897 pertinent,
1232 3839 1304 3876 nunc
1331 3816 1392 3895 ejus

426 3901 555 3961 'derivata
574 3901 762 3981 persequatur,
783 3902 852 3960 inter
872 3919 934 3980 quae
957 3902 1063 3971 humor,
1078 3900 1182 3978 firdor,
1203 3900 1234 3959 &
1247 3898 1392 3975 similiaza

429 3983 528 4063 quibus
540 4000 647 4067 arrepta
657 3980 824 4060 occasione,
836 3997 867 4044 ut
880 3982 967 4058 solet,
983 3978 1124 4045 descendit
1139 3980 1175 4042 ad
1189 3982 1300 4041 nomina
1308 3998 1393 4066 aqua·
