3209 4967
233 587 240 594 ·
347 561 350 567 '
445 556 534 659 108¹
780 553 1073 676 N.⁰TAE

442 674 711 779 TitulinamVatro
721 716 889 798 Menippea,
908 717 1043 779 Hercules
1059 732 1137 777 tuam
1153 714 1256 776 fidem:
1272 714 1337 775 Non
1351 713 1405 775 Tiss

440 798 552 857 aninam
563 801 697 880 ,inquam
710 844 719 871 ‚
733 820 780 879 ego
801 801 855 879 'sss
875 798 988 860 invoco:
1004 801 1075 879 quod
1088 819 1148 857 rnen
1167 818 1243 858 aures
1261 799 1310 855 aba
1323 798 1404 855 teob·

432 880 559 955 fideman
575 879 657 941 Hanc
673 881 722 961 qui
740 881 919 953 invocabant,
932 879 1011 943 ferias
1029 878 1224 941 observabant.
1240 877 1335 957 ltaque
1355 896 1405 939 ata

438 959 464 1017 ei
481 957 572 1019 dicata
591 964 619 1020 in
640 960 785 1023 Aventino
809 960 844 1020 ad
863 961 975 1021 tutelam
997 958 1407 1124 podpssaffgomffliiaelwss

1344 1081 1355 1114 ἱ

439 1036 541 1099 Tutani
557 1061 634 1103 extra
652 1060 762 1124 portam
780 1039 932 1122 Capenam.
955 1040 1028 1123 Quo

439 1120 477 1180 ait
493 1118 615 1194 Ennius,
707 1178 711 1183 .
1204 1188 1208 1195 .

482 1204 526 1262 ob
546 1205 658 1266 Romana
676 1190 751 1266 noiiu
769 1203 884 1283 legiones
903 1207 990 1265 ducere
1004 1203 1099 1285 cepit,

439 1299 532 1344 tantos
550 1304 635 1344 terror
655 1307 690 1345 ex
714 1284 875 1365 quibusdam
893 1284 1117 1345 terriculamentis
1139 1280 1280 1343 nodumis
1303 1278 1405 1341 invasrt

438 1362 576 1437 Poenum,
600 1366 705 1425 atinde
723 1363 823 1446 pedem
840 1366 969 1425 retulerit.
984 1364 1056 1445 Q10
1080 1363 1154 1425 fauo
1170 1363 1266 1425 sanum
1282 1363 1320 1421 ibi
1338 1381 1407 1421 con·

436 1443 593 1519 sectarunt,
616 1446 653 1507 ab
674 1464 779 1507 eventu
806 1446 962 1507 Rediculum
987 1446 1170 1527 appellatum:
1195 1442 1291 1505 Deum
1313 1462 1405 1516 vero,

437 1525 483 1583 cui
509 1525 717 1601 consecrarunt,
740 1531 883 1587 Tutanum.
904 1526 945 1589 lta
967 1528 1035 1589 colle
1055 1530 1124 1587 imus
1148 1526 1193 1585 illa
1217 1547 1253 1586 ex
1269 1520 1352 1586 Festo
1372 1524 1406 1583 dt

436 1604 525 1665 Plinio
539 1608 584 1669 lib.
609 1628 664 1683 ¹03
682 1608 742 1669 haec
755 1628 790 1669 ert
803 1608 902 1669 eadem
916 1607 1017 1691 Satyra
1036 1547 1188 1682 barnonis,
1205 1626 1290 1689 quam
1304 1603 1405 1666 inscri-

436 1684 542 1767 pserat,
557 1688 692 1750 Hercules
712 1708 789 1751 tuam
807 1688 907 1752 fidem:
1146 1682 1152 1699 '

478 1770 566 1828 Noilu
585 1769 756 1832 Hannibalis
774 1791 832 1831 cum
844 1770 946 1853 fiigavi
966 1769 1124 1845 exercitum,

484 1853 608 1909 Tutunus
627 1854 687 1924 hoc,
712 1850 828 1912 Tutanu'
849 1856 938 1913 Roma
957 1872 1098 1933 nuncupor.

476 1932 541 1991 Hoc
554 1951 678 2013 propter,
698 1954 787 1993 omnes
805 1934 851 2013 qui
869 1934 1004 2009 laborant,
1017 1933 1152 1994 invocant.

373 2008 377 2018 '
436 2008 496 2071 Ubi
513 2033 569 2073 aon
591 2015 832 2092 pratereundum,
849 2014 997 2093 exprioris
1019 2012 1144 2075 versrculi
1157 2010 1317 2075 aubiotitate
1330 2030 1404 2073 con·

436 2088 540 2151 firmari
558 2114 667 2175 quoque
681 2094 845 2174 opinionem
859 2096 925 2157 vat
940 2093 1043 2170 Probi,
1060 2094 1108 2175 qui
1123 2094 1298 2174 obliquorum
1310 2093 1404 2173 penul·
1500 2162 1502 2166 ¹

435 2173 532 2232 timam
550 2174 720 2254 producebat
736 2177 764 2233 in
781 2175 1148 2250 hujuscemodi·nominibus
1161 2174 1265 2249 Poenis,
1282 2172 1406 2233 Hasdru·

330 2260 341 2278 *
434 2254 492 2328 bal,
502 2253 653 2330 Hannibal,
665 2255 816 2337 Hiempsal.
827 2254 874 2331 De
890 2277 947 2336 quo
962 2255 1047 2317 exstat
1060 2257 1197 2337 integrum
1208 2272 1289 2336 caput
1298 2258 1324 2313 in
1335 2250 1413 2315 Get-¹

435 2332 515 2395 lianis
531 2334 969 2399 animadversionibnr.San1G.
985 2336 1063 2399 ldem
1080 2338 1109 2396 in
1125 2337 1248 2418 margine
1261 2382 1272 2408 ,
1285 2335 1405 2397 Tullinoe.

370 2439 376 2448 ⁸
405 2448 410 2456 ·
434 2412 550 2493 Quidsr
566 2418 664 2477 lucos?
682 2420 729 2499 qui
743 2417 898 2499 frequentes
912 2421 938 2477 in
954 2418 1096 2479 Aventino
1109 2435 1217 2491 monte,
1232 2420 1260 2474 in
1275 2438 1332 2498 quo
1346 2414 1406 2475 En·

434 2500 496 2558 nius
514 2515 596 2578 poeta
616 2499 759 2561 habitavit.
780 2499 836 2577 Sed
855 2498 886 2562 δ’(
902 2500 983 2581 paulo
998 2520 1061 2561 anre
1079 2500 1126 2561 lin.
1154 2520 1200 2559 22.
1216 2497 1255 2559 est
1285 2502 1311 2557 in
1331 2498 1406 2556 libris

436 2580 576 2643 veteribus
603 2580 715 2660 ligonem
733 2580 866 2655 Porcius,
889 2602 941 2662 pro
964 2601 1020 2661 quo
1048 2578 1216 2661 reposuerim
1246 2582 1407 2639 luctantum

435 2659 557 2721 Porcius.
576 2663 600 2721 is
615 2660 672 2736 est,
685 2661 805 2741 opinoss
821 2662 931 2723 Porcius
947 2663 1079 2734 Licinius,
1118 2682 1181 2721 uem
1195 2661 1231 2720 de
1247 2662 1336 2740 poetis
1351 2658 1405 2717 La-

434 2742 499 2801 tinis
515 2741 645 2823 scripsrlse
660 2764 694 2804 ex
712 2741 811 2805 Gallo*
821 2743 1025 2825 cognoscimus.
1043 2742 1090 2803 De
1135 2742 1226 2801 utilina
1240 2742 1316 2823 plura
1334 2739 1408 2799 diati-

434 2840 498 2882 mus
512 2823 549 2883 ad
569 2821 701 2905 Satyram
714 2824 847 2886 Hercules
862 2845 937 2886 tuam
956 2822 1051 2885 fidem.
1074 2821 1204 2891 ΡοΡΜΔ.
1464 2833 1472 2846 “

475 2904 519 2965 lin.
536 2926 581 2987 29.
602 2908 733 2967 Praeterea
749 2908 818 2965 intra
842 2904 962 2987 aaaron]
979 2904 1072 2966 Roma
1088 2922 1188 2977 vetus,
1208 2922 1293 2981 quam
1308 2899 1406 2961 Varro

434 2984 463 3043 in
478 2984 522 3044 his
536 2986 609 3048 libris
628 2988 746 3069 appellat
763 2987 912 3067 Antiquam
927 2987 1010 3047 urbem
1018 3030 1029 3057 ,
1048 2984 1186 3061 antiquum
1205 2982 1346 3059 oppidum,
1373 2982 1407 3043 &

433 3069 572 3148 antiquam
596 3073 721 3151 oppidum
746 3068 923 3140 Palatinum,
952 3064 1047 3125 habuit
1068 3080 1184 3141 portas,
1206 3061 1404 3139 Mugioniarn,

434 3168 490 3228 qua
505 3170 590 3230 pecus
611 3152 640 3208 in
657 3151 765 3219 bucira,
782 3148 814 3210 id
831 3146 887 3221 est,
906 3144 1004 3227 pascua
1020 3142 1183 3223 exigebam3
1209 3142 1361 3201 Romanula
1397 3188 1409 3219 ,

433 3249 490 3308 qua
501 3229 702 3291 descendebant
718 3228 754 3287 ad
769 3228 898 3306 paludem
914 3224 1100 3304 navigabilem
1121 3220 1258 3294 lintribus,
1275 3240 1337 3301 quae
1357 3245 1409 3303 pa·

434 3310 477 3367 lus
490 3309 624 3371 exsrccata
640 3308 737 3389 postea
752 3308 872 3369 mutavit
886 3308 912 3366 in
931 3302 1048 3365 Novam
1067 3304 1162 3377 viam,
1177 3304 1210 3365 ἃ
1223 3303 1316 3364 locum
1333 3304 1405 3365 cele·

433 3388 584 3451 berrimum
602 3389 677 3449 urbis
693 3388 857 3448 Velabrum.
873 3386 946 3447 unde
964 3386 1058 3445 Varro
1076 3386 1119 3445 hic
1142 3386 1240 3455 tradit,
1260 3384 1334 3443 illam
1352 3384 1406 3453 ha,

433 3467 502 3529 bere
516 3471 617 3551 gradus
635 3473 662 3528 in
684 3468 773 3529 Nova
790 3469 857 3540 via,
874 3470 905 3530 dt
922 3467 968 3528 lib.
986 3468 1021 3538 6,
1037 3464 1155 3527 Novam
1176 3467 1251 3527 viam
1269 3466 1301 3525 dt
1317 3462 1406 3525 Vela-

433 3546 517 3609 brum
535 3568 610 3611 extra
633 3551 732 3611 urbem
757 3552 815 3609 anti
835 3570 900 3611 uam
920 3548 997 3609 fuisse
1016 3569 1074 3607 non
1097 3548 1180 3626 longe
1203 3568 1223 3608 a
1240 3562 1320 3625 porta
1342 3544 1407 3605 Ro-

433 3630 555 3695 manula.
569 3632 721 3706 Ianualern,
734 3649 806 3712 quae‘
817 3570 923 3713 semper
935 3630 994 3691 belli
1011 3646 1136 3710 tempore
1147 3627 1276 3707 patebat:
1294 3626 1407 3687 Panda·

433 3715 591 3796 numptius
609 3712 711 3773 didam
730 3712 897 3789 Saturnian,
910 3734 927 3773 a
940 3726 1035 3773 monte
1049 3708 1196 3773 Saturnio:
1215 3708 1250 3769 de
1264 3727 1319 3789 qua
1338 3728 1405 3769 tue·

434 3793 513 3855 minit
527 3795 614 3879 supra.
629 3794 759 3874 POPMA.

475 3876 524 3938 lin.
551 3896 587 3958 30
603 3876 641 3957 sq.
664 3876 747 3955 Quod
762 3897 794 3935 ea
812 3896 892 3955 pecus
909 3874 939 3933 in
957 3872 1110 3937 Bucitatunr
1127 3872 1261 3951 antiquum
1279 3868 1406 3950 oppidana

433 3951 1408 4123 lbsl'rllnltllllallltlitalr‘btlllsell

631 4083 643 4117 2
1141 4078 1150 4109 i

654 4138 658 4169 l
1313 4156 1319 4166 a
