3209 4967
415 496 488 551 noo
753 472 789 543 tt
842 471 877 541 0
925 466 959 539 Τ
1008 469 1050 541 AE

461 631 509 692 lin.
534 648 582 713 29.
605 630 720 691 Menas
744 592 909 711 constituit?
917 588 1034 709 &enque
1048 626 1185 708 ancilia]
1206 625 1253 689 Al.
1271 630 1387 710 Menses.

420 712 483 793 Qui
497 712 592 793 legunt
602 732 657 770 men
669 733 713 785 es,
731 710 853 792 speimm
869 710 905 785 ad
917 709 1023 770 menses
1038 707 1150 771 additos
1163 731 1179 767 a
1195 706 1289 771 Numa
1303 708 1392 771 Pom-

418 795 503 877 pilio,
516 796 546 853 &
562 793 668 853 meliori
684 792 782 852 ordine
797 790 927 875 digestos.
947 791 1010 870 Qui
1027 811 1098 851 vero
1117 791 1238 873 mensas,
1254 791 1330 875 quod
1348 792 1392 851 es-

417 874 476 937 sent
492 873 592 939 mensae
608 874 738 967 curiales,
756 873 792 934 ad
808 894 875 1012 cpias
896 880 1067 1013 unappaeqne
1083 869 1168 933 Curia
1189 871 1235 931 sun
1250 872 1324 968 sacta
1342 872 1392 937 fe-
1425 946 1428 957 ι

419 956 736 1099 iile‘niilssilif
748 970 1170 1109 {2⁰n¹l²ssli?.‚l¹l³.·.‘ll².‘3
1186 952 1394 1107 anisii?

421 1116 583 1193 minando,
600 1117 631 1179 &
648 1115 776 1178 Affidelae
795 1116 963 1191 dicebantur.
984 1114 1032 1178 De
1051 1116 1150 1197 quibus
1165 1113 1258 1179 forsan
1276 1112 1394 1181 Navius

421 1198 494 1263 libro
515 1218 529 1281 3
552 1198 615 1259 belli
631 1197 754 1259 Poenici:

462 1282 506 1345 At
521 1282 687 1364 positaquetnt
708 1274 782 1339 avim
802 1280 836 1337 de
855 1278 949 1360 templa
969 1276 1091 1361 Anchisia
1106 1276 1213 1359 spexit,

463 1364 548 1424 Sacra
569 1361 660 1420 ordine
678 1362 708 1421 in
729 1362 816 1441 mensa
832 1361 968 1439 penatium
989 1361 1104 1422 Deorum

466 1446 622 1504 Ponuntur:
643 1441 773 1501 uitir'mam
792 1462 898 1503 auream
916 1440 1033 1521 polcram
1054 1438 1216 1504 immolabat.

425 1523 503 1588 Citat
516 1523 632 1585 Probus.
653 1522 696 1583 lta
711 1541 806 1585 autem
820 1521 960 1604 scripserat
985 1520 1109 1585 Ennius:
1189 1560 1191 1563 -

464 1604 579 1686 Menses
599 1604 751 1685 constituit,
770 1605 883 1684 idemque
902 1604 1004 1665 ancilia
1022 1603 1142 1683 primus,

385 1736 390 1747 .
465 1688 602 1767 liboque,
618 1686 742 1763 fielnes,
760 1705 861 1765 argaeos
876 1686 903 1745 δ’
916 1686 1054 1745 tutulatos.
1072 1680 1209 1748 ScuLIG.

464 1768 512 1827 lin.
532 1785 579 1847 30.
601 1768 648 1829 Ab
667 1766 794 1849 arcista]
812 1766 903 1829 Vetus
921 1764 1029 1838 codex,
1047 1765 1185 1847 ambroise.
1204 1763 1393 1847 itareponitoi

327 1904 330 1916 .
423 1849 558 1915 Seruio.

467 1932 516 1999 lin.
530 1952 564 2013 31
585 1927 623 2013 sq.
641 1929 738 2009 Incisa.
755 1927 887 2001 Saturnio
902 1926 931 1986 in
945 1926 1080 2013 carmina]
1097 1924 1281 1991 Vitiostffrme
1293 1927 1391 2018 legitur
1436 1920 1439 1924 ¹

426 2016 457 2072 in
466 2011 594 2071 Saturnio
604 2012 724 2069 carmine.
736 2008 802 2069 Non
818 2010 891 2069 enim
902 2009 995 2071 versus
1003 2008 1144 2070 Saturnius
1159 2008 1208 2084 est,
1217 2012 1263 2091 qui
1273 2007 1312 2069 est
1319 2030 1392 2089 jam·

426 2093 542 2156 bicush
603 2090 803 2164 rcataleiiicus,
825 2089 872 2149 sed
891 2089 983 2150 versus
1001 2088 1081 2153 Ennii
1104 2092 1248 2153 heroicus:
1266 2091 1313 2151 ubi
1330 2110 1395 2150 nar-

426 2174 524 2247 rabat,
577 2192 670 2232 umam
696 2171 803 2230 mensas
825 2169 930 2243 sacras,
972 2172 1050 2238 uibus
1069 2171 1105 2231 ad
1130 2192 1188 2245 rem
1209 2172 1331 2232 diuinam
1353 2170 1394 2233 est
1516 2176 1517 2183 ’

426 2273 512 2334 opus,
523 2252 662 2317 &ancilia
676 2250 813 2313 Saliorum
828 2191 1004 2326 constituiile,
1016 2252 1189 2333 eundemque
1205 2252 1260 2312 liba
1272 2248 1396 2315 instituis.

426 2337 455 2398 se
468 2335 504 2395 nd
523 2354 582 2394 rem
596 2333 740 2408 divinam,
754 2333 785 2395 &
802 2330 931 2403 fluores,
946 2333 993 2414 qui
1008 2332 1070 2393 sunt
1086 2331 1241 2413 panifices,
1253 2332 1397 2414 liboriique
1516 2342 1517 2381 l

430 2418 529 2480 vocari
542 2413 659 2497 possunt.
673 2414 705 2475 ln
724 2426 822 2476 vetere
833 2413 1008 2494 inscriptione
1025 2415 1096 2497 legi,
1109 2413 1263 2497 distipulum
1274 2415 1394 2492 fimorum

426 2497 591 2582 pontificum.
605 2495 762 2560 TURNEB.
774 2496 816 2557 lta
833 2495 996 2580 legendum:
1008 2497 1133 2575 Quadra
1148 2517 1240 2571 arnna,
1263 2513 1293 2553 ut
1311 2496 1398 2554 Thra-

428 2579 596 2661 terminasti,
611 2598 640 2638 ut
654 2578 781 2639 Saturnio
795 2578 824 2635 ite
840 2578 959 2637 carmine.
975 2576 1066 2661 Quod
1081 2577 1211 2636 nimirum
1225 2577 1254 2635 in
1267 2572 1398 2639 Saturnio

426 2662 551 2722 carmine
567 2680 710 2724 armorum
729 2658 892 2719 anciliorum
911 2662 1018 2718 mentio
1038 2656 1128 2719 fuerit.
1146 2656 1258 2738 Alioqui
1272 2658 1397 2736 ineptum

426 2759 497 2816 erat,
511 2740 664 2801 Heroicum
677 2739 837 2820 sequentem
852 2758 955 2813 vocare
971 2738 1136 2824 Saturnium,
1151 2740 1198 2819 qui
1213 2736 1252 2799 est
1267 2739 1397 2798 hexame-

426 2840 479 2885 ter.
495 2822 630 2884 Semo.
648 2820 703 2880 Pto
717 2822 845 2882 Sarurnio
858 2820 887 2878 in
897 2822 1008 2880 carmine
1017 2838 1103 2902 marg.
1115 2819 1212 2901 Scallg.
1224 2819 1318 2891 habet,
1335 2819 1394 2877 irem

427 2904 510 2976 alibi,
522 2903 569 2965 tlh.
586 2900 686 2965 Forte:
705 2902 811 2981 Incisa,
830 2918 859 2960 ut
874 2902 1001 2962 Saturnio
1024 2903 1054 2961 in
1069 2901 1298 2980 carmineincifia:
1311 2919 1396 2980 qutun

428 3002 534 3048 vocem
550 2985 633 3044 etiam
650 2983 839 3063 reponendam
856 3000 925 3061 puto
939 2983 984 3043 lib.
1005 2982 1084 3055 aillo
1102 2983 1130 3043 in
1152 2982 1237 3042 loco:
1254 2982 1350 3059 Insteio
1360 2984 1393 3042 ab

425 3087 476 3141 eo,
492 3066 564 3147 quoti
576 3063 670 3145 inseiia
686 3084 763 3137 caro,
780 3082 812 3124 ur
827 3065 856 3122 in
875 3067 986 3126 carmine
1006 3064 1137 3123 Saliorum
1153 3064 1187 3142 est
1206 3062 1312 3141 Incifia
1331 3061 1395 3121 Uti-

426 3165 472 3207 rur
490 3165 584 3208 autem
598 3143 758 3206 testimonio
776 3144 906 3205 carminis
924 3142 1040 3205 Saturnii
1049 3186 1060 3214 ‚
1076 3164 1133 3203 non
1149 3143 1225 3223 quod
1242 3145 1271 3201 in
1284 3161 1320 3202 eo
1330 3141 1396 3203 ellet

427 3248 531 3287 nomen
539 3227 720 3299 Ancilionnn,
733 3224 854 3307 alioquin
864 3225 953 3305 vulgo
967 3224 1031 3285 satis
1040 3243 1149 3297 notum,
1159 3222 1206 3285 secl
1220 3240 1249 3283 ut
1260 3224 1306 3284 illo
1320 3244 1396 3284 com·

449 3308 529 3374 robet
545 3307 622 3371 suurn
644 3323 762 3388 etymon
774 3304 916 3368 Manilia
934 3306 1074 3379 dicunlur,
1096 3306 1205 3387 inquit,
1226 3308 1301 3385 quast
1319 3306 1399 3369 amai·

370 3414 373 3419 ·
421 3328 484 3468 ia,
502 3408 531 3452 ut
551 3388 649 3465 Incifia
663 3387 722 3467 fuir
741 3390 770 3445 in
788 3386 901 3446 carmine
926 3389 1063 3449 Saturnio.
1087 3394 1122 3447 eo
1142 3386 1263 3469 intelligit
1284 3406 1395 3445 carmen

428 3465 552 3540 Saline,
577 3468 655 3548 quod
675 3466 858 3548 conscriptum
876 3466 925 3527 fuit
943 3465 1072 3527 Saturnio
1095 3467 1175 3526 'versu
1195 3464 1398 3547 antiquissimo,
1515 3508 1516 3523 i

426 3568 485 3631 quo
504 3549 572 3610 olim
593 3547 640 3607 sua
665 3549 776 3609 oracula
795 3546 955 3610 cecinerant'
968 3549 1055 3609 Fauni
1078 3545 1136 3607 Dei
1163 3545 1345 3620 Latinorum,
1364 3548 1394 3607 δι
1515 3552 1516 3581 l

428 3649 509 3692 vates
522 3627 658 3691 Publicius
664 3629 715 3701 ,δι
731 3628 787 3691 Cn.
805 3628 927 3690 Marcius
944 3628 1003 3701 ille,
1017 3631 1094 3703 cujus
1111 3628 1168 3687 duo
1184 3630 1307 3692 carmina
1324 3643 1394 3691 retu-

426 3713 456 3773 lit
479 3710 574 3773 livius
596 3710 642 3771 lib.
674 3729 718 3793 35.
743 3709 841 3772 Postea
864 3710 951 3770 'etiam
975 3710 1060 3769 dircen
1082 3708 1276 3788 triumphaturi
1303 3708 1395 3767 titulos

426 3812 519 3854 rerum
540 3792 600 3854 ase
615 3789 750 3875 gestarum
772 3792 799 3850 in
820 3790 919 3851 tabulis
937 3790 1069 3865 votivis,
1093 3810 1161 3871 quas
1188 3792 1215 3848 in
1237 3790 1297 3851 aede
1315 3788 1397 3861 lovis

278 3915 282 3924 ·
312 3938 319 3946 ,
426 3872 610 3955 capitolinifi
631 3872 723 3946 ebant,
737 3871 868 3933 Saturniis
884 3870 1008 3933 versibus
1026 3871 1093 3930 soliti
1108 3871 1291 3950 perscribere5
1304 3889 1335 3930 ut
1350 3891 1399 3930 au·

426 3954 487 4019 iior
502 3954 541 4022 etl
553 3892 663 4023 Attius
678 3953 888 4021 Fortunatianue
904 3951 940 4018 de
959 3952 1101 4035 Ananis
1118 3951 1225 4018 verbis:
1240 3954 1328 4037 Apud
1347 3972 1397 4030 no:
