3209 4967
366 480 518 625 '¹94‘
776 525 1071 647 NOTAE

435 690 533 775 bego:
550 694 641 773 Itaque
666 688 764 753 dicitur
790 690 820 751 in
844 690 945 767 nuptiis
967 690 1108 767 camillus,
1127 694 1172 773 qui
1193 711 1319 753 currerunt
1335 694 1402 772 sert.

435 773 606 836 Defendimr
623 772 683 833 baec
698 772 858 835 emendatio
872 770 943 833 Festi
957 771 1132 849 auetoritate,
1151 794 1201 833 vas
1220 771 1307 849 istud,
1325 778 1404 855 quod

436 857 465 913 in
482 855 584 937 nuptiis
597 854 754 929 ferebatur,
766 875 893 914 cumeram
911 854 1092 939 appellantis,
1108 854 1140 915 δι
1156 854 1308 917 camillum:
1324 858 1405 937 quod

435 937 485 1011 ἃ,
503 957 535 996 ut
554 939 610 1010 ait,
627 957 644 995 a
670 937 778 995 camillo
795 936 932 997 serebatur
961 952 1106 1017 opertum,
1127 936 1250 997 utensrlia
1273 937 1405 999 nubentis

424 1018 586 1078 'continenn
602 1018 755 1083 TURNEB.
773 1007 859 1159 ναξ.
873 1020 930 1097 Qui
946 1038 1003 1077 cunr
1018 1038 1111 1077 merum
1120 1018 1183 1095 serr.
1200 1016 1244 1077 Ex
1260 1015 1341 1078 Festo
1359 1040 1404 1079 re-

434 1119 525 1182 pone:
542 1101 600 1179 Qui
612 1122 737 1161 cumerttrrt
743 1100 806 1180 sert.
847 1100 913 1161 tiam
928 1100 1072 1160 annotavit
1082 1096 1253 1159 Vertranius.
1265 1101 1404 1162 Senum.

437 1182 566 1242 Camillus
586 1181 771 1263 appellabatur
785 1183 812 1240 in
837 1182 935 1261 nuptiis
955 1201 1022 1261 puer
1041 1180 1221 1261 patrimus&
1238 1183 1404 1257 matrimus,

474 1264 483 1321 i
499 1261 606 1328 ferebat
620 1282 778 1335 cumeram,
798 1284 866 1336 vas,
884 1264 912 1321 in
936 1282 993 1343 quo
1014 1278 1090 1321 erant
1110 1280 1193 1323 novae
1209 1282 1245 1323 nn
1267 1278 1302 1323 tae
1320 1280 1405 1323 uten-

435 1282 510 1407 ffiia:
528 1346 556 1403 in
568 1342 704 1405 sacrificiis
718 1343 840 1405 minister
855 1344 975 1405 flaminis
988 1344 1017 1404 δι
1029 1344 1191 1403 flaminicae:
1205 1344 1232 1401 in
1242 1284 1404 1405 {amothra-

435 1446 501 1485 cum
511 1424 648 1507 mysteriis
660 1426 840 1507 praeminisser
857 1444 1022 1509 magnorum
1034 1424 1173 1486 Deorum.
1182 1422 1228 1485 Est
1242 1441 1335 1485 autern
1347 1427 1403 1485 hoc

434 1526 539 1566 nornen
556 1507 596 1583 ori
617 1509 679 1583 ine,
693 1529 767 1583 non,
784 1524 816 1569 ut
831 1508 924 1567 Varro
948 1522 1042 1589 putat,
1058 1504 1211 1577 Graecum,
1230 1508 1275 1567 sed
1295 1504 1406 1567 Phoeni·

434 1590 510 1648 cium
527 1606 573 1649 aut
588 1527 745 1669 gyriacum.
762 1588 838 1650 Nam
850 1577 980 1663 Turreni}
999 1585 1057 1648 srve
1074 1586 1157 1662 Osci,
1173 1590 1220 1669 qui
1235 1610 1251 1647 a
1268 1586 1405 1648 Phoenici-

436 1668 488 1731 bus
500 1668 635 1731 duxerunt
647 1674 792 1754 originem,
801 1672 840 1734 ’δι
849 1671 927 1733 initio
937 1670 1091 1731 habuerunt
1101 1670 1220 1753 linguam
1232 1671 1403 1745 Armatam,

387 1791 390 1797 v
435 1752 581 1812 cadmolurn
600 1774 635 1834 ap
655 1753 768 1813 eliarunt
789 1772 907 1832 puerum
924 1753 953 1811 in
972 1770 1092 1825 ennum‚
1117 1772 1201 1833 quern
1220 1751 1256 1811 ab
1277 1751 1325 1811 illis
1350 1756 1405 1813 otti

436 1829 527 1893 Latini
550 1776 702 1909 currilium
717 1833 828 1896 autiore
849 1771 993 1915 Dionyfio
1004 1832 1050 1892 lib.
1065 1854 1082 1893 2
1103 1833 1241 1913 Antiquit.
1253 1830 1340 1909 Rom.
1353 1830 1403 1892 Ni-

436 1916 538 1975 mirum
560 1937 575 1973 a
593 1916 705 1978 Cadmo
728 1917 773 1978 illo
787 1914 896 1999 Tyrio,
920 1916 968 1997 qui
985 1915 1089 1996 primus
1103 1915 1241 1975 literatum
1262 1913 1341 1975 usum
1364 1918 1404 1973 in-

438 1998 536 2067 venit,
555 2001 588 2057 &
608 1998 735 2058 homines
758 1998 794 2057 ad
818 2001 906 2058 vitant
933 1996 1126 2056 humaniorem
1151 1996 1316 2058 revocavit:
1340 2015 1402 2077 quae

435 2078 532 2139 omnia
548 2075 642 2138 Graeci
661 2077 853 2139 transtulerunt
873 2077 909 2139 ad
929 2076 1008 2138 suurn
1031 2075 1142 2159 Ἑρμῆν,
1158 2096 1278 2158 eumque
1294 2096 1404 2160 cogno·

434 2160 575 2299 rpninarunt
598 2158 713 2238 κάέμον
729 2158 761 2221 &
783 2158 946 2246 κὰθμιιοι,
972 2174 1003 2220 ut
1019 2156 1058 2219 est
1075 2158 1149 2242 apud
1174 2156 1403 2241 Lycophronem.

459 2254 568 2301 OPMA.
846 2265 849 2273 '

384 2369 387 2376 .
478 2321 523 2382 tin.
540 2344 568 2396 4.
589 2324 622 2383 lrt
640 2343 691 2402 quo
711 2320 777 2403 quid
784 2324 822 2402 fit
840 2322 869 2380 ira
887 2320 1023 2403 ministerio
1037 2321 1153 2403 plerique
1174 2320 1334 2403 extrinsecus
1356 2345 1404 2381 nr·

436 2407 531 2483 aaran]
545 2404 640 2485 Lego:
656 2437 690 2450 ·-
702 2406 817 2483 plerique
832 2404 994 2483 extrinsecus
1010 2402 1134 2483 nesciunt.
1153 2402 1309 2467 TURNEB.
1325 2402 1404 2465 Vera

436 2484 477 2547 est
496 2484 595 2560 leffio,
610 2486 736 2567 nesciunt,
751 2482 846 2545 Festus
868 2486 921 2561 ait,
940 2482 1064 2547 utensilia
1080 2502 1164 2545 novae
1186 2482 1292 2565 sponsae
1319 2486 1348 2543 in
1367 2504 1403 2545 eo

436 2567 534 2649 reponi
551 2565 638 2627 solita.
654 2565 695 2628 At
712 2565 786 2647 apud
804 2563 940 2643 Grecos,
954 2565 1101 2647 exquibus
1119 2566 1165 2627 hic
1183 2584 1245 2625 mos
1258 2556 1402 2637 deiiueius,

437 2668 504 2729 puer
523 2647 566 2708 ille
587 2650 736 2730 ingenuus,
763 2666 847 2729 quern
880 2643 1035 2726 ἀμφιθαλῆ
1060 2648 1222 2721 vocabant,
1246 2646 1273 2708 ἐν
1297 2646 1402 2724 λίκνῳ,

457 2731 484 2788 ui
496 2730 543 2788 hic
560 2728 658 2790 dicitur
675 2748 805 2802 cometa,
821 2750 906 2809 panes
942 2727 1064 2803 estabar,
1082 2748 1147 2788 cum
1165 2729 1217 2789 hae
1236 2726 1403 2803 intentione,

436 2749 545 2891 ἓφυρον
560 2816 662 2884 κακον,
681 2800 893 2892 tripertiuntur.
923 2748 1056 2872 gerute.
1162 2860 1164 2867 .

479 2892 557 2974 lin.5
586 2891 625 2973 sq.
652 2891 793 2973 Casmillae
821 2893 972 2952 nominatur
992 2894 1020 2952 itt
1041 2890 1225 2953 Samothraces
1238 2890 1401 2972 mysteriis]

435 2972 524 3054 Vulg.
540 2973 675 3050 Casmilos.
694 2969 836 3035 Μυοῦντοι
852 2970 886 3033 ii
909 2972 936 3037 ἐν
953 2971 991 3053 τῇ
1008 2970 1200 3054 Σαμοθράκῃ,
1216 2970 1255 3031 ait
1268 2973 1403 3051 interpres

438 3054 601 3136 Apollonii,
616 3054 677 3116 τοῖς
691 3054 851 3135 Καβείροις,
871 3048 906 3116 cir
925 3053 1058 3117 Μνασέας
1076 3054 1150 3131 φοι-ἱ
1166 3052 1216 3113 nei
1238 3056 1281 3113 ‘tir
1302 3054 1402 3131 ὂνόμο·

439 3156 491 3197 τοι.
505 3136 597 3198 τέοοοι
613 3158 641 3198 ις
653 3135 690 3198 Ν
706 3134 759 3198 εἰσι
774 3140 822 3198 τον
838 3136 965 3217 &pristin
981 3133 1302 3217 Ἀξίερος,Ἀξιόκςρςοι,
1317 3132 1402 3215 Ἀξιο

438 3239 545 3298 reputt.
561 3158 681 3300 Ἀξίερος
699 3216 753 3295 μὲν
771 3208 816 3278 nir
836 3214 913 3279 ἐστιν
934 3214 949 3280 t‘r
970 3214 1117 3297 Διιμίιτορ·
1136 3216 1301 3297 Ἀξιὸκερςοι
1319 3211 1401 3293 ‹iifl‘t

438 3298 605 3380 Περσεφόνη·
615 3297 790 3381 Ἀξιὸκερσος
803 3296 850 3371 ἑὲ,
861 3288 978 3361 ὃἌὲιις.
991 3297 1003 3357 ὁ
1015 3296 1050 3358 ἑὲ
1065 3297 1285 3379 προστιθέμενος
1300 3296 1402 3380 τέτορ-

437 3401 488 3442 τος
503 3379 663 3457 Κίιομιλος,
683 3377 782 3461 Ἕρμιῖς
796 3378 892 3453 ἔστιν,
910 3372 947 3443 ὣς
969 3376 1079 3460 ἱστορεῖ
1090 3378 1309 3461 Διονυσόἓωρος.
1324 3378 1400 3439 Mna·

436 3460 496 3521 seas
512 3459 576 3535 iste,
589 3481 672 3542 quern
688 3460 734 3521 hic
748 3462 944 3543 grammaticus
955 3462 1031 3533 citat,
1046 3459 1097 3521 fuit
1109 3480 1208 3543 genere
1221 3460 1355 3534 Phoenix,
1371 3460 1402 3523 &

437 3537 603 3603 Phoenicunt
621 3540 696 3623 gesta
706 3544 802 3603 omnia
819 3542 848 3601 in
864 3542 954 3604 literas
967 3542 1072 3617 retulit,
1083 3560 1113 3603 ut
1127 3544 1259 3604 novimus
1274 3562 1309 3601 ex
1326 3540 1401 3615 Jose·

439 3625 507 3704 pho.
523 3620 613 3684 Etiam
628 3622 709 3704 ipsrus
718 3614 822 3685 nomen
833 3622 971 3685 Manaffes
981 3622 1155 3683 Phoenicium
1165 3622 1214 3683 est.
1230 3622 1304 3703 Quo
1315 3624 1401 3705 magis

439 3725 572 3776 moveor,
588 3713 618 3765 u‘t
632 3705 780 3787 ιιοιβιίροοςΙ
789 3704 871 3766 θεοὺς
881 3707 970 3767 dicam
982 3705 1048 3765 alios
1059 3725 1115 3766 non
1126 3704 1195 3779 etse,
1209 3722 1293 3787 quarn
1308 3704 1401 3764 Divos

437 3805 525 3870 potes.
544 3785 620 3848 Nam
635 3786 776 3849 Phoenicia
792 3789 824 3849 δι
839 3783 956 3867 Syriaca
972 3786 1065 3868 lingua
1079 3785 1167 3849 Cabir
1187 3806 1283 3869 potent
1300 3788 1331 3847 &
1349 3806 1400 3866 po·

437 3868 573 3930 tentemsr
594 3867 697 3929 nificat.
707 3867 795 3934 Porro
808 3868 842 3928 de
853 3866 975 3929 Camillo
989 3889 1074 3949 puero
1085 3870 1206 3950 ingenuo
1218 3866 1400 3931 videPluter·

438 3952 523 4012 chum
538 3954 565 4010 in
574 3890 683 4023 imma,
696 3948 774 4010 Dion
799 3948 868 4008 stum
886 3949 932 4011 lib.
950 3972 983 4024 a,
996 3950 1042 4031 qui
1057 3950 1109 4023 ait,
1120 3970 1203 4029 quem
1216 3948 1337 4011 Romani
1345 3946 1400 4010 Ca-

440 4034 546 4095 millum
564 3971 892 4109 vocabannatyurrents
909 4030 1048 4095 Cadolum
1060 4030 1172 4111 dietum.
1188 4031 1321 4095 Camillus
1332 4047 1401 4113 ergo
