3209 4967
1125 397 1131 432 l

400 532 474 608 IN
524 528 1024 609 raaonrurr:
1123 490 1196 635 φας’

221 690 407 777 sedentique,
419 715 485 772 meo
504 694 617 777 quidem
631 695 753 769 judicio,
767 695 917 777 integrior3
933 697 1040 771 ecujus
1057 692 1196 779 vestigiis,

223 794 283 837 non
299 779 354 852 ita,
373 798 402 837 ut
418 776 484 837 olirn
499 778 597 837 leviter
612 774 760 858 suspicatus
774 776 844 848 sum,
865 778 912 853 sed
928 778 984 838 hoc
1002 777 1091 837 modo
1099 778 1196 858 legen.

224 857 295 919 dum
312 856 450 929 existimo:
475 859 527 919 Per
541 857 773 933 Πελτανικὴτων,
793 860 895 919 nullius
913 861 958 917 ubi·
971 859 1063 921 annis.
1079 859 1197 919 Videtur

183 995 185 997 .
224 957 317 1002 autem
334 942 376 1001 liic
398 940 476 1001 locus
496 938 549 999 elle
570 960 605 999 eir
623 940 745 1023 Periplo,
762 940 797 1000 de
816 958 903 1022 regno
922 940 1114 1013 Amazonum,
1133 960 1197 1022 quae
1232 997 1235 1000 .

225 1020 257 1081 in
279 1021 351 1082 bello
370 1038 481 1081 armatae
495 1022 584 1101 pelta,
601 1020 702 1081 multas
727 1018 842 1085 illustres
858 1020 987 1082 vislorias
1003 1042 1039 1082 ex
1054 1020 1142 1094 Asia,
1163 1025 1198 1085 δε

176 1100 178 1105 ’
226 1122 328 1185 magna
345 1120 422 1184 parte
438 1103 556 1183 Europae
572 1119 752 1184 reportarunt.
765 1102 871 1163 eaedem
890 1102 975 1163 solitae
991 1123 1095 1179 mares,
1112 1101 1197 1186 siqui

227 1203 263 1242 ex
283 1185 431 1245 concubitu
447 1182 631 1245 finitimorum
645 1183 838 1259 nascerentur,
861 1183 1033 1258 interficere,
1052 1202 1081 1245 ut
1099 1185 1198 1247 nullius

225 1265 264 1325 lbi
276 1266 389 1327 masculi
404 1265 551 1348 vestigium
571 1266 746 1328 inveniretur.
1017 1286 1022 1299 ·

284 1361 426 1445 Anopurio
452 1360 641 1423 maritimive
665 1359 823 1441 {sidric}
846 1358 938 1420 Verus
959 1363 1020 1421 haec
1040 1359 1081 1422 est
1098 1360 1203 1439 Icilio,
1304 1366 1307 1375 ’

226 1444 307 1517 cujus
326 1444 549 1505 emendationem
568 1458 672 1503 certam
699 1442 796 1517 Junius
818 1440 956 1502 existimat
980 1442 1201 1525 ’Arbpnndnuni

227 1524 294 1605 περὶ
321 1522 517 1607 percurreris.
548 1524 603 1605 ipse
628 1540 720 1585 rameri
749 1523 871 1605 suspicor
890 1524 1037 1606 legendum
1056 1525 1117 1586 ἀπὸ
1146 1523 1201 1587 τοῦ

229 1605 311 1668 auser
322 1610 358 1668 ‘il
373 1606 435 1667 λίπ’
455 1604 566 1669 statarii
584 1599 698 1667 dianas
706 1649 715 1679 ,
733 1606 762 1665 id
779 1604 838 1679 -esl,
853 1606 950 1685 procul
966 1628 983 1666 a
999 1604 1080 1667 sacris
1103 1622 1200 1668 averte
1247 1617 1253 1628 “

228 1687 338 1762 oleum,
358 1689 422 1761 vel,
439 1706 540 1749 caveto
556 1686 667 1747 adolere
686 1688 808 1769 pingue,¹
823 1687 903 1763 cujus
924 1704 1077 1769 augmento
1092 1687 1202 1770 possent

228 1765 304 1829 sacra
318 1768 443 1830 incendio
460 1768 593 1829 consumi.
611 1766 754 1850 napique
770 1786 882 1849 aperta,
895 1786 958 1848 quae
973 1784 1085 1842 monet,
1100 1766 1202 1830 sacrifih

229 1850 272 1909 cia
288 1848 341 1911 esse
361 1852 552 1911 mediocritate
570 1848 757 1923 moderanda,
771 1869 806 1909 ne
822 1847 961 1909 adolendo
970 1849 1131 1909 aboleantur
1143 1850 1200 1932 ipsa

229 1927 314 1990 sacra.
329 1929 431 1991 Similis
448 1931 504 1993 sere
520 1927 679 2005 Platonica,
688 1928 729 2009 μὴ
748 1928 807 2009 πῦρ
821 1928 871 1990 ἐπὶ
888 1925 962 2009 mim
980 1932 1012 1991 δι
1030 1930 1201 2007 Horatiana,

233 2012 328 2073 oleum
346 2034 378 2071 rie
391 2014 460 2071 adde
475 2015 584 2081 camino.
609 2006 792 2093 Quamquam
816 2009 942 2085 constat,
958 2013 1090 2072 homines·
1104 2011 1201 2093 profu-
1292 2049 1297 2058 ·

229 2092 285 2167 sos,
298 2092 333 2153 ad
346 2094 500 2177 augendam
510 2093 669 2175 religionem
685 2090 890 2167 sacrificiorum,
907 2094 1119 2154 omentaeetiam
1131 2094 1203 2155 mul.

226 2188 258 2232 ta
271 2174 389 2235 slammis
402 2174 541 2251 injecisse:
561 2172 637 2255 quod
654 2188 731 2233 notat
750 2172 856 2235 Persius
876 2171 968 2233 2821.
990 2193 1045 2250 47:
1129 2222 1132 2227 .

277 2258 342 2315 Cum
362 2259 391 2316 iri
409 2260 520 2335 flamma
540 2257 590 2315 ribi
610 2272 650 2315 ror
662 2256 785 2337 junicum
806 2274 909 2316 omenta
929 2257 1081 2337 liquescant.

229 2343 334 2429 Magos
347 2370 417 2411 vero
433 2350 507 2410 idem
524 2347 634 2419 fecisse,
654 2347 690 2408 ad
707 2348 785 2409 usum
796 2348 1014 2409 incantationum
1024 2348 1206 2416 occultarum:

228 2424 354 2491 Catullus
371 2431 407 2491 de
429 2432 523 2513 Magis
540 2429 701 2491 Persarum:
1294 2432 1297 2436 ’

315 2514 454 2571 Omerirum
475 2516 503 2569 iii
519 2512 631 2589 flamma
650 2510 750 2591 pingui
770 2509 952 2591 liquefac-ieris.
1011 2534 1014 2538 ¹

271 2604 306 2663 Iri
328 2604 448 2662 omnibus
467 2602 518 2683 legi
530 2600 722 2664 'marracinus
745 2603 935 2688 aspisatim]
957 2598 1028 2665 Puto
1048 2602 1146 2667 redies
1165 2606 1214 2678 ita,

229 2682 330 2760 scribi,
346 2683 543 2754 πολυτέλεια,
561 2677 729 2765 ὑπέρβατον.
1174 2710 1189 2741 0
1218 2749 1221 2756 ⁴
1358 2743 1368 2765 „

224 2805 226 2808 ·
273 2778 319 2837 Ne
337 2778 473 2856 pollicerer
497 2778 580 2859 δία]
603 2776 651 2837 Est
679 2794 847 2861 praeceptum
860 2777 1034 2848 contrarium
1053 2778 1202 2862 superiori:
1291 2811 1293 2814 ·
1361 2786 1369 2799 “

229 2856 295 2918 illud
311 2875 389 2935 verat
406 2863 434 2919 in
454 2860 536 2919 sacris
556 2858 761 2939 profusionem,
775 2863 831 2921 hoc
850 2861 942 2921 sordes
963 2879 1046 2941 atque
1066 2862 1201 2943 parsimo-

232 2940 326 3016 niam3
345 2941 396 3013 δι,
412 2940 464 3001 nisi
480 2962 526 3002 ine
543 2940 628 3016 fallit,
646 2941 700 3001 hoc
714 2940 905 3035 ,fragmentum
915 2941 955 3003 est
967 2964 984 3003 e
994 2942 1101 3003 Manio.
1111 2942 1201 3005 Porro

231 3016 343 3081 Nonius
370 3020 501 3084 observat
524 3022 575 3082 hic·
592 3022 753 3095 Polliceres,
771 3043 835 3105 ipro
861 3024 1037 3085 Pollicereris.
1057 3024 1119 3102 Ego
1143 3046 1201 3086 non

231 3102 346 3178 dubito,
362 3104 521 3165 Varronem
539 3099 684 3185 scripsisse,¹
700 3103 869 3181 Polluceres;
885 3104 960 3187 quod
974 3104 1013 3167 est
1029 3106 1150 3167 verbum
1160 3106 1203 3167 sa·

231 3184 363 3260 crificale,
377 3201 408 3245 ut
418 3203 499 3247 antea
516 3184 582 3245 dixi.

274 3279 396 3359 Denique
411 3288 534 3360 omnen]
555 3278 621 3339 Hoc
640 3278 762 3341 referunt
782 3277 905 3363 plerique
931 3280 991 3340 libri
1019 3297 1129 3343 veteres
1142 3279 1203 3343 No·

220 3355 304 3417 'niie
325 3357 424 3441 Satyra
442 3361 590 3444 lnglorio,
612 3363 675 3441 napi
697 3352 786 3425 ficui.
814 3364 859 3423 alii
880 3364 914 3424 ln
932 3364 1105 3444 gloperiton:
1127 3364 1204 3425 unde

234 3440 358 3499 nonnulli
378 3444 489 3524 legunt,
506 3441 605 3503 Gloria
622 3443 687 3523 napi
705 3444 814 3522 ositeri.
833 3442 924 3518 forre,
936 3435 1031 3506 Varro
1048 3446 1077 3503 iii
1095 3438 1202 3522 incipi,

235 3520 302 3601 περὶ
315 3518 411 3597 acidi,
434 3523 469 3583 de
488 3523 603 3598 Poenis,
620 3540 667 3584 aut
686 3524 834 3605 suppliciis.¹
855 3531 964 3598 ancile,
980 3526 1100 3603 catasta,
1114 3528 1203 3600 boja,

234 3600 263 3659 in
284 3622 338 3681 qua
356 3605 512 3663 vinciuntur
533 3622 671 3671 nocentes.
699 3604 754 3669 Sed
776 3610 819 3669 hae
842 3608 1009 3683 conjedlurae
1031 3610 1107 3669 leves
1126 3608 1205 3685 sunt,

186 3727 189 3731 -
235 3680 380 3761 &parum
402 3684 537 3745 firmitatis
553 3685 665 3750 liabent.

276 3775 309 3833 In
322 3776 514 3857 Menippeis]
530 3776 678 3856 Fortassis,
695 3780 724 3840 in
736 3780 885 3854 Plutorine.
899 3793 981 3863 eqila
994 3778 1135 3842 Charisius
1145 3761 1215 3840 o'lk
1243 3774 1245 3778 ’

236 3852 327 3917 servat
351 3879 454 3921 vocem
478 3858 672 3941 scriptulum,¹
689 3877 742 3943 pro
764 3864 937 3945 scrupulum,
956 3879 1041 3943 quam
1064 3862 1109 3922 liic
1125 3860 1203 3940 apud

235 3937 396 3999 Arnobium
409 3940 603 4001 restituendam
621 3943 784 4005 crediderim
800 3947 876 4017 ideo,
889 3943 965 4026 quod
975 3941 1077 4024 Satyra
1088 3945 1133 4003 illa
1148 3942 1203 4003 suit

236 4018 302 4103 napi
318 4022 430 4105 φθορᾶς
443 4020 571 4087 πλούτου
582 4040 591 4087 t
602 4025 680 4100 cujus
695 4025 799 4110 insigne
810 4026 967 4112 exemplum
977 4024 1098 4091 thesauri
1111 4023 1204 4112 Apol·
