3209 4967
453 492 526 566 ιιι
578 442 1000 563 tranuntur.
1129 515 1221 589 ιη,

163 698 166 703 -
250 656 331 718 hodie
339 677 451 738 quoque
466 657 585 718 solemus
595 654 686 716 facere
700 655 729 713 in
743 654 888 716 communi
900 651 1034 714 sermone.
1050 648 1210 719 Terentius:

297 739 342 796 Ol
355 740 455 820 pergin'
474 739 567 798 mulier
585 736 657 818 effe?

253 818 364 879 Plautus
382 818 495 882 Casrna:

260 960 265 968 ,
298 901 425 982 lnfipiens
437 903 537 982 semper
557 919 586 960 tu
606 898 666 961 lutic
686 901 762 958 uerbo
782 899 869 957 vitato
888 897 937 957 uis
957 916 1002 958 tuo
1021 895 1089 958 uiro.

296 997 377 1044 cLI.
395 985 443 1044 cui
462 984 565 1044 uerbo?
586 999 613 1042 Μ
630 999 663 1041 υ.
683 978 799 1060 lforas:
822 979 915 1046 mulier
933 1000 971 1040 rs.
984 1010 1018 1026 -

254 1061 287 1122 In
304 1063 438 1126 Poenolo:

301 1146 421 1205 Tacirius
442 1145 492 1215 ribi
511 1146 638 1226 refilium,
662 1162 739 1225 quam
761 1141 832 1221 quod
851 1140 944 1198 diuum
961 1142 995 1222 est
1011 1141 1087 1200 malo
1107 1141 1215 1204 mulieris

255 1223 371 1286 Riranti
388 1229 462 1287 enim
481 1228 513 1288 δι
526 1225 652 1307 garrienti
676 1224 787 1296 dicunt,
811 1222 964 1290 Mulieres.
985 1220 1084 1302 traque
1100 1226 1220 1305 garrien-

257 1323 316 1365 tem
337 1309 481 1368 mulierem
493 1307 596 1368 malam
611 1323 713 1366 vocat:
733 1305 796 1383 quia
814 1303 923 1362 videtur
939 1301 1016 1363 fuisse
1027 1305 1220 1385 proverbium,

259 1387 378 1461 Mulier,
390 1410 446 1446 cum
462 1406 551 1462 tacet,
575 1388 644 1446 bona
657 1389 698 1466 est.
718 1386 795 1445 Idem
813 1385 839 1442 in
858 1383 1003 1444 Rudente:
1082 1391 1083 1396 ’

259 1547 285 1608 E
301 1469 345 1526 Eo
360 1451 468 1544 tacent,⁴
477 1466 540 1551 q'uia
558 1468 642 1528 tacita
657 1469 726 1526 bona
736 1467 770 1546 ess
783 1465 876 1525 mulier
885 1467 1000 1548 semper,
1010 1487 1087 1546 quam
1102 1467 1218 1547 loquens.

286 1571 303 1608 x
323 1550 387 1610 illo:
784 1562 788 1571 “
1160 1546 1167 1563 ’

232 1708 236 1710 v
263 1700 264 1705 ἵ
306 1665 340 1676 -
362 1629 484 1713 γυναιξὶ
498 1630 602 1708 κόσμοι
619 1625 634 1693 ir
653 1627 724 1711 σιγὴ
739 1633 825 1708 φέρει.
843 1624 973 1688 Scauro.
1033 1700 1036 1708 Ι

262 1711 444 1774 Existimarim
456 1712 613 1796 legendum,
629 1711 822 1793 Synrelerurgo.
839 1710 1087 1788 Συνιελετιυργδς
1096 1707 1134 1769 est
1145 1707 1223 1770 πᾶσι

262 1795 294 1853 δι
303 1791 417 1854 effettor
431 1795 525 1874 operis
538 1793 694 1854 communis
705 1811 713 1852 z
724 1811 780 1871 qua
794 1810 869 1850 voce
885 1787 905 1847 st
923 1790 1033 1850 Plautus
1051 1788 1171 1850 fabulam
1179 1793 1226 1848 in-

204 1949 207 1953 .
261 1872 380 1952 scripsit,
393 1873 464 1935 sorte
479 1875 610 1935 intellexit
620 1875 762 1934 hominem
777 1891 907 1951 nequam,
922 1871 969 1950 qui
979 1887 1044 1929 cum
1060 1870 1225 1932 mulierculis

263 1976 282 2013 o
319 1973 391 2022 ratur
406 1977 449 2015 res
466 1957 594 2016 Veneris.
609 1957 728 2016 Veteres
747 1952 874 2011 dixerunt
899 1951 1042 2032 axitiofinn
1063 1952 1093 2012 &
1115 1954 1224 2012 exirent.

290 2035 376 2096 estus:
397 2039 520 2116 Axitiofi
532 2054 561 2095 ut
570 2035 674 2115 friliosr
688 2028 848 2104 dicebantur,
859 2031 1010 2112 cumplures
1023 2055 1076 2092 una
1090 2033 1154 2114 quid
1164 2055 1225 2114 age.

266 2117 509 2197 arefactumque.
530 2117 600 2178 Axit
616 2133 711 2176 autem
728 2116 856 2195 antiquos
875 2111 970 2173 dixisse
990 2122 1041 2192 pro
1060 2117 1145 2196 egerit
1163 2136 1225 2176 ma-

266 2197 393 2257 niseslum
411 2197 459 2258 est.
482 2198 555 2265 unde
575 2200 664 2258 axius
688 2197 816 2256 mulieresv
829 2194 892 2278 'sisse
913 2195 967 2254 Dii
989 2195 1149 2256 dicebantur
1168 2216 1225 2258 una

267 2295 388 2360 agentes.
408 2277 593 2341 Glossarium:
618 2281 739 2351 Axius,
763 2276 1048 2354 ἀποτελεσματιιιιιί.
1069 2276 1226 2359 Dionysrus
1309 2301 1310 2306 ¹

267 2361 442 2442 Areopagita
455 2364 642 2443 reneroupybr
657 2356 778 2437 suiuus
788 2374 874 2418 vocat
887 2360 946 2417 vim
961 2356 1094 2430 divinam,
1107 2379 1227 2440 operan-

268 2457 326 2500 tem
347 2445 376 2500 in
393 2443 567 2503 sacramentis
589 2439 785 2503 ecclefiasticis.
801 2438 932 2500 Omnino
951 2456 1043 2499 autern
1061 2438 1227 2521 legendum,

269 2522 399 2584 Mulieres
415 2546 484 2582 uxor
501 2523 618 2582 coluvirz
635 2519 833 2601 festive,quod
853 2518 920 2578 ficut
938 2521 1061 2599 pontifex
1075 2520 1167 2580 minor
1183 2544 1227 2582 ca·

269 2596 343 2661 labat
365 2605 394 2662 in
412 2602 582 2683 Capitolium
600 2602 726 2684 plebem,
741 2603 772 2663 δι
788 2619 858 2682 quot
876 2621 990 2664 numero
1009 2601 1070 2662 dies
1090 2621 1106 2660 a
1125 2603 1228 2663 Kaleri·

270 2683 312 2741 dis
326 2684 363 2742 ad
378 2683 478 2744 Nonas
494 2683 676 2766 superessent,
693 2683 838 2756 edicebat;
856 2684 893 2740 ita
908 2703 979 2740 uxor
993 2683 1114 2744 vocabat
1130 2685 1228 2746 mulie·

172 2789 175 2793 ·
270 2785 314 2824 res
332 2764 368 2824 ad
383 2783 572 2836 conventum,
589 2767 621 2826 δι
637 2765 727 2822 mariti
743 2764 846 2843 flagitia
861 2763 1017 2844 evulgabat.
1035 2763 1168 2826 POPMrt.

312 2845 360 2904 lin.
389 2868 436 2921 24.
458 2840 536 2924 Quas
565 2870 589 2905 rc
607 2846 735 2907 Claudius
767 2845 840 2904 cribit
861 2845 973 2922 aeliosas
996 2847 1159 2926 demonstrari
1174 2849 1228 2929 sir·

250 2928 252 2931 ’
267 2927 436 3008 incanices,
450 2931 485 2986 ab
502 2931 601 3006 agendo
616 2847 899 3005 asliosrrs.{Reperio
910 2945 917 2986 τ
930 2925 1017 3003 Quafi
1035 2926 1163 2986 Claudius
1163 2929 1230 3010 scri-

274 3010 313 3066 bit
334 3009 470 3089 exitiosas
491 3008 655 3086 demonstrari
673 3006 934 3086 consupplicnrrices,¹
950 3008 985 3065 ab
1001 3010 1103 3088 agendo
1122 3011 1230 3068 axici'o·

267 3091 326 3168 sas.
343 3088 472 3150 Mulieres
490 3090 572 3149 rebus
587 3088 688 3149 divinis
704 3087 823 3160 deditae,
842 3086 1038 3168 simpulatrices
1051 3088 1232 3166 dicebantur,

275 3191 304 3232 ut
322 3172 361 3231 ait
376 3168 480 3231 Festus.
496 3169 576 3230 ldem
595 3168 702 3242 scribit,
718 3169 846 3248 antiquos
859 3169 997 3246 Axitpro
1010 3167 1105 3251 Egerit
1120 3169 1232 3246 dixisse,

276 3267 306 3310 ut
315 3251 387 3332 apud
395 3252 520 3311 Plautum
533 3253 657 3321 adaxint,
667 3271 719 3329 pro
730 3250 880 3331 adegerint,
894 3251 921 3310 in
930 3249 1074 3311 Aulularia
1087 3255 1232 3330 reperitur.

277 3333 415 3412 Ariesque
433 3334 516 3393 reserr
533 3332 588 3393 esse
602 3333 728 3392 mulieres
744 3333 771 3388 in
789 3332 894 3391 aedibus
906 3351 961 3392 una
977 3351 1098 3413 agentes,
1116 3333 1147 3394 δι
1161 3334 1232 3394 Axi·
1264 3356 1265 3359 ¹

278 3411 379 3483 ciosos,
395 3413 536 3476 fastiosos:
550 3434 580 3474 ut
590 3415 667 3474 axies
677 3411 1067 3492 sorraslePompejomulieres
1081 3413 1150 3490 sunt,
1164 3436 1234 3497 quas

279 3495 413 3574 axiciosas
439 3495 533 3554 Varro
558 3516 664 3566 vocat,
687 3514 748 3576 quae
767 3516 822 3554 una
845 3514 930 3576 agunt
953 3517 1017 3555 cum
1036 3493 1102 3556 aliis.
1125 3498 1233 3558 Axiras

252 3638 254 3645 ,
279 3574 364 3634 etiam
372 3578 476 3655 reperio
488 3577 514 3632 in
527 3577 641 3657 antiquo
655 3579 743 3636 lexico
758 3580 858 3656 exponi
870 3575 1157 3657 usorsnsuuutrur'ts.
1175 3578 1233 3638 Alii

280 3653 444 3733 hicarliosas
463 3655 566 3734 ubique
580 3658 687 3739 legunt,
703 3659 734 3718 &
742 3659 938 3739 suspicatrices,
951 3681 1017 3723 non,
1024 3659 1232 3740 firpplicarricrs.
1260 3730 1261 3735 ἵ
1283 3697 1285 3700 -

280 3735 344 3796 Nos
362 3734 440 3794 iliam
462 3739 623 3798 varietatem
643 3733 738 3798 l'ettori
758 3741 850 3820 potius
870 3742 1068 3820 proponimus,
1083 3756 1166 3820 quarn
1179 3760 1236 3798 no·

278 3817 363 3877 stram
381 3815 540 3895 sententiam
557 3820 760 3898 interponimus.
775 3840 859 3900 quarn
876 3841 969 3882 tamen
984 3820 1005 3880 st
1020 3823 1081 3900 quis
1100 3821 1237 3900 requirat,

280 3916 375 3979 putem
391 3897 517 3958 Plautum
533 3899 676 3976 axiciosam
690 3899 826 3980 scripsisse.
842 3901 934 3960 Varro
945 3907 1037 3964 auteni
1051 3901 1159 3963 Claudii
1178 3921 1235 3961 non

280 3980 398 4063 sequitur
412 3966 675 4058 inierpretationem,
689 3979 808 4041 sedeam
825 3979 1017 4062 affert,quarn
1030 3977 1117 4046 retulit
1132 3980 1238 4048 Festus.
1291 4027 1295 4032 1

984 4234 992 4260 ,
1087 4235 1089 4246 .
