3209 4967
441 509 511 559 210
769 483 1062 556 NOTAE

439 648 474 712 In
494 646 602 709 Laertio
618 638 746 709 dicuntur
763 643 901 728 mabsara
921 643 1064 728 diptiacum
1086 643 1301 726 ἐσκεπασμένα.
1319 645 1405 710 Colu-

438 729 522 794 mella
541 746 618 791 vetat
640 750 711 792 oves
733 729 847 808 pellibus
861 728 965 788 amiciti
983 725 1056 787 festis
1075 726 1183 788 diebus.
1203 727 1255 788 Hae
1272 731 1403 809 pecudes,

439 813 504 890 quia
524 812 677 872 tenerrimis
700 810 806 892 pascuis
824 809 978 882 alerentur,
1000 808 1161 869 dicebantur
1179 809 1254 890 apud
1279 811 1403 872 Rhodios

440 892 748 975 bramnurabaapues‚
776 889 866 974 byeus»
895 889 946 952 ritu
972 889 1107 970 iuuabunt
1140 888 1198 950 teir
1228 891 1403 972 σπερμάτων

439 973 672 1052 barbarismum.
701 975 843 1034 luxuriem
859 974 972 1054 segetum
993 975 1097 1052 summa
1122 972 1239 1053 depascit
1265 974 1294 1032 in
1314 975 1402 1034 herba.

439 1055 674 1117 ScaL1G.Resie
698 1055 760 1114 iibri
777 1072 906 1116 veteres:
927 1057 1020 1133 Neque
1042 1053 1076 1133 esi
1095 1052 1170 1112 bana.
1184 1055 1342 1129 ¹Carminari
1360 1056 1405 1115 di-

440 1139 512 1196 citur
528 1139 608 1209 lana,
627 1138 731 1218 inquit,
749 1139 814 1196 c'um
840 1152 914 1198 caret
930 1133 1073 1216 spurcitia,
1092 1153 1180 1215 neque
1207 1136 1265 1209 jam
1289 1137 1405 1216 amplius

440 1216 486 1278 est·
510 1217 620 1287 sordida
646 1221 677 1278 δι
704 1219 831 1299 impura,
881 1217 936 1276 uod
965 1236 1052 1298 genus
1079 1215 1147 1274 lanae
1177 1213 1294 1276 Naevius
1322 1233 1406 1278 vocat

440 1298 564 1375 Oscarn,
583 1300 619 1359 ab
637 1298 718 1360 Oscis
733 1299 841 1379 populis
858 1239 1039 1378 bampaniae,
1061 1299 1108 1376 qui
1124 1295 1252 1357 obscoeni
1270 1299 1404 1358 habeban-

440 1397 493 1440 tur.
511 1381 567 1441 Alii
581 1398 705 1442 mutant:
727 1383 849 1461 Nequam
864 1381 897 1460 est
914 1381 990 1440 lana.
1008 1371 1114 1438 frustra.
1133 1373 1266 1448 POPMA.

483 1463 531 1525 lin.
551 1481 598 1522 to.
620 1464 649 1521 A
663 1461 771 1542 gerra]
789 1459 894 1544 Γέρῥοι,
909 1477 1005 1522 crates.
1017 1457 1110 1520 Etiam
1123 1458 1238 1520 fascinos
1253 1462 1283 1520 δι
1300 1461 1405 1541 puden·

442 1543 480 1602 da
508 1544 702 1624 interpretatur
732 1543 852 1603 Nonius.
878 1541 1049 1623 Hesychius:
1066 1539 1179 1622 Τέῤῥοι,
1198 1544 1254 1604 rur
1281 1547 1404 1619 σκηνὰς,

399 1690 401 1694 ⁸
442 1624 493 1683 aeti
508 1622 681 1706 sidrunis
700 1623 751 1684 tui
770 1623 928 1706 normann
946 1622 1057 1684 uidaiu.
1073 1621 1206 1684 Senum.

483 1705 528 1764 lin.
557 1727 602 1790 13.
629 1705 831 1787 Aristandri]
855 1704 950 1766 Varro
974 1704 1009 1765 de
1027 1704 1095 1764 Vita
1113 1723 1181 1784 pop.
1203 1703 1288 1764 Rom.
1305 1703 1351 1764 lib.
1371 1723 1405 1784 3:

444 1787 491 1844 De
507 1789 693 1870 adscriptivis,
711 1809 769 1855 cum
788 1805 861 1846 erant
878 1787 998 1846 attributi
1017 1785 1212 1845 Decurionibus
1235 1787 1407 1846 &Centurio-

443 1863 540 1944 nibus',
565 1867 610 1948 qui
631 1890 715 1928 eorum
738 1871 859 1928 baberent
871 1889 1015 1942 numerum,
1031 1868 1129 1944 actenfi
1146 1868 1315 1928 uocabantur.
1334 1867 1405 1948 Eos·

445 1953 502 2008 dem
526 1951 604 2010 etiam
622 1951 728 2029 quidam
750 1952 882 2010 uocabant
896 1948 1071 2028 ferentarius,
1088 1947 1134 2026 qui
1151 1951 1336 2028 depugnabant
1355 1969 1405 2029 pu·

443 2031 527 2115 grus,
543 2030 573 2088 d·
588 2031 745 2112 lapidibus,
764 2032 799 2090 iis
817 2030 898 2090 armis
917 2051 972 2111 quae
990 2027 1136 2108 ferrentur,
1155 2051 1209 2110 non
1226 2049 1281 2110 qua
1297 2047 1406 2090 teneren-

444 2129 494 2169 tur.
511 2110 613 2183 idest,
633 2113 797 2180 canabinas
815 2111 933 2182 βέλεσι,
950 2112 1001 2172 uui
1016 2103 1045 2171 ari
1060 2108 1195 2191 exrdium
1205 2111 1280 2185 ,itui
1301 2109 1407 2173 crabr-

445 2189 540 2271 essars„
555 2191 768 2272 ἀγχεμάχοις.
791 2193 928 2256 ScuLIG.
1148 2232 1153 2241 ›

340 2427 346 2438 Ι
444 2375 569 2425 nummo,
593 2357 666 2414 Nam
681 2353 756 2412 illum
772 2356 821 2413 tibi
830 2355 1005 2436 ferentarium.
1032 2351 1126 2446 Lego:
1142 2356 1293 2425 Militibus,
1304 2357 1334 2432 fi
1348 2359 1407 2436 quis

445 2456 532 2494 eorum
545 2435 675 2516 deperiffet
688 2458 697 2494 .·
712 2438 754 2509 &,
768 2457 830 2494 nam
844 2436 919 2495 illurn
930 2437 978 2496 tibi
1007 2454 1166 2498 etentarrum.
1179 2436 1223 2496 Ac
1240 2436 1353 2497 videtur
1364 2436 1408 2516 fe·

445 2517 586 2576 renrarium
603 2519 724 2582 amicum
743 2521 834 2596 potius
853 2517 946 2578 dixisse
966 2515 1094 2589 Plautus,
1115 2519 1161 2598 qui
1178 2515 1296 2577 substdio
1312 2519 1344 2578 &
1361 2539 1408 2577 au.

445 2598 511 2657 stilio
527 2597 633 2672 futurus
649 2597 682 2657 stt
693 2643 702 2671 ,
714 2619 798 2679 quam
814 2599 959 2679 quomodo
972 2598 1066 2657 Varro
1081 2600 1292 2678 interpretatur,
1307 2601 1356 2679 qui
1369 2602 1408 2658 itt·

445 2682 506 2739 anis
530 2679 561 2738 &
584 2678 641 2740 srne
660 2679 751 2740 frusiu
770 2679 813 2742 stt.
842 2677 897 2740 Sed
922 2679 1044 2740 Varroni
1068 2698 1162 2739 tamen
1187 2682 1236 2740 virt
1262 2681 1409 2742 reclamare

444 2761 544 2821 audeo.
565 2762 720 2823 TURNEB.

486 2842 535 2900 lin.
559 2842 604 2902 18.
618 2845 722 2916 Arma,
741 2863 796 2924 quer
809 2841 955 2921 ferrentur,
974 2859 1004 2900 ut
1014 2837 1160 2924 jaculum]
1178 2845 1223 2903 Tit
1242 2844 1409 2916 anteibant,

446 2938 477 2982 ut
489 2922 546 3004 jam
566 2922 692 2982 diximus.
710 2924 846 2986 Setttu.

487 3005 535 3067 lin.
554 3025 601 3066 21.
630 3008 686 3065 Ubi
702 3008 794 3066 rorarii
810 3004 917 3086 estis?]
989 3051 994 3060 .

631 3087 899 3168 —sequimini

487 3169 539 3228 Me
558 3168 608 3226 bac
622 3167 705 3246 staltis
725 3170 839 3250 legiones
858 3189 944 3228 omnes
965 3169 1100 3230 Lauerna.
1123 3167 1181 3233 Ubi
1198 3167 1290 3228 rorarii

313 3286 316 3296 ‹
334 3296 338 3310 .
404 3253 406 3257 ’
480 3249 589 3344 ιΕβὶεὲ
610 3251 657 3307 En
669 3251 741 3326 sumt.
761 3252 817 3310 Ubi
827 3252 894 3329 sunt
908 3253 1029 3328 aceenfi?
1047 3251 1124 3309 Ecce.
1138 3283 1172 3296 -

418 3395 421 3404 ¹
448 3349 522 3412 ptius
539 3329 696 3390 membrum
715 3331 840 3390 invenies
857 3329 930 3409 apud
947 3326 1067 3391 Festum.
1087 3331 1222 3393 ScALIG.

489 3410 536 3468 lin.
555 3431 602 3485 24.
621 3412 708 3490 Potest
722 3414 753 3469 id
764 3413 798 3470 ab
815 3413 949 3492 arbitria]
960 3413 1053 3474 Varro
1066 3413 1126 3472 vult
1137 3412 1266 3472 accensos
1276 3411 1363 3473 dirtos
1374 3412 1411 3472 ab

447 3491 577 3552 arbitrio:
597 3492 674 3570 quod
688 3490 810 3552 Censere
828 3493 895 3552 olim
916 3493 1229 3574 significaretarbinari.
1250 3492 1297 3553 sic
1311 3495 1346 3553 de
1356 3495 1410 3556 Vi-

488 2272 535 2333 lin.
552 2293 588 2347 ¹4
605 2278 645 2353 sq.
664 2275 818 2350 Militibus3
837 2277 867 2334 id
878 2275 919 2354 est,
928 2277 957 2352 fi
968 2273 1029 2352 quis
1044 2295 1129 2332 eonem
1145 2271 1283 2352 deperiffet.
1302 2273 1336 2334 In
1352 2275 1407 2335 Tri.
1470 2331 1472 2348 ‚
1518 2317 1519 2324 .

447 3592 476 3632 ta
492 3594 559 3652 pop.
573 3571 657 3632 Rom.
668 3575 760 3655 Itaque
773 3577 844 3653 quod
859 3576 908 3633 bus
921 3576 1033 3633 arbitros
1049 3576 1327 3657 institueruntpopuli,
1344 3578 1412 3637 Cen·

289 3698 292 3705 ,
377 3670 379 3676 ’
439 3656 514 3736 strecs
530 3654 705 3734 appellarunt.
726 3656 795 3716 Idem
811 3656 876 3714 enirn
889 3655 962 3714 ualet
983 3655 1079 3735 censere
1099 3658 1270 3716 &arbitrari
1291 3660 1331 3716 At
1351 3657 1409 3715 Re·
1518 3655 1519 3664 ’

446 3755 509 3795 rum
523 3737 704 3795 humanatum
728 3736 775 3796 lib.
795 3757 853 3798 20:
872 3737 996 3818 Confirles
1016 3758 1049 3796 ac
1064 3739 1193 3798 Praetores
1209 3739 1254 3818 qui
1266 3740 1413 3818 sequuntur

445 3818 476 3876 in
498 3819 601 3898 casira,
630 3820 729 3896 accenfi
749 3819 832 3890 dieti,
854 3819 925 3898 quod
948 3821 985 3876 ad
1010 3817 1230 3898 neceffiariasres
1254 3837 1411 3892 arctantur,
1437 3878 1456 3894 ν
1518 3817 1519 3852 b

446 3899 519 3958 velut
539 3901 664 3978 accerrfiti.
686 3897 745 3958 Ubi
765 3899 843 3959 vides
864 3897 1073 3960 inconstantiam
1090 3900 1232 3960 Varronis.
1255 3895 1355 3976 Quare
1374 3901 1413 3957 ita
1518 3905 1519 3974 Τ

447 3979 596 4042 obscurum
620 3982 696 4041 bunc
714 3979 927 4060 iocum,·unde
951 3980 1015 4040 satis
1031 3980 1115 4063 digne
1139 4003 1197 4044 non
1217 3981 1245 4044 se
1265 3981 1414 4043 extricavit
