3209 4967
410 500 483 575 tn
532 499 1030 579 inneneuuen-
1128 520 1199 604 nr

595 661 729 761 Pagina.
753 632 835 760 27i.
873 696 876 700 ’
983 726 999 739 .

283 795 314 855 Α
333 795 455 856 colanara
475 796 576 857 Culum.
587 792 600 876 ]
612 793 680 856 Plio.
695 792 742 855 lib.
758 794 858 855 altune
874 791 967 853 locunt
983 790 1103 874 respicit:
1116 795 1203 873 Qatnu

241 875 348 954 diruat
365 876 449 935 Greci
461 877 562 935 nomine
577 877 719 937 ornamenti
733 876 931 954 appellaverunt
934 919 950 955 ,Ι
958 896 1014 933 eum
1024 874 1051 933 δ’
1063 896 1111 934 nos
1122 896 1202 953 aper·

235 958 307 1038 fella
324 958 494 1037 alfhlutaqne
509 957 639 1037 elegantia
656 957 800 1049 Mundum.
819 957 914 1017 colem
930 956 1031 1033 quidem
1046 957 1120 1028 laud
1127 955 1203 1017 dubie

241 1039 330 1099 colari
342 1056 490 1117 argumento
507 1037 643 1113 diximus,
661 1052 691 1095 ut
703 1039 881 1116 interpretatur
897 1038 942 1095 Μ.
961 1040 1055 1098 Varro.

283 1120 378 1183 Alium
399 1118 578 1199 nomentan]
596 1118 664 1179 Non
687 1118 799 1193 dubito,
820 1120 888 1200 quin
909 1116 1055 1201 legendum
1073 1115 1128 1189 fit,
1142 1134 1206 1185 tar,

240 1200 353 1259 barrem.
371 1200 450 1281 Virg.
469 1200 516 1261 lib.
533 1221 551 1280 9
568 1199 676 1263 AEneid.

282 1280 408 1362 Impastus
427 1302 473 1341 ceu
490 1282 570 1360 plena
590 1283 629 1341 leo
646 1303 693 1361 per
709 1281 796 1341 ouilia
815 1282 933 1343 turbans.

239 1356 369 1444 Turbare
383 1384 434 1443 pto
448 1362 578 1437 miscere,
597 1363 716 1445 agitate,
726 1362 862 1436 volvere,
878 1359 1019 1435 absolute,
1033 1374 1064 1421 ut
1080 1360 1137 1433 hic,
1152 1362 1204 1422 tui·

240 1457 286 1503 tur
299 1442 346 1505 lib.
364 1462 378 1524 3
393 1443 428 1505 de
437 1443 478 1504 Re
492 1441 604 1515 rustica:
617 1446 681 1505 Curre
691 1465 761 1503 mare
774 1445 899 1505 turbaret.
910 1443 942 1503 δι
951 1441 1093 1503 Lucretius
1103 1442 1152 1505 lib.
1166 1461 1200 1526 5:
1255 1509 1257 1511 ,

405 1546 614 1604 -u—quare
631 1545 748 1606 pugnare
768 1524 890 1605 neceffurn
910 1527 945 1605 est

284 1602 429 1683 Diffirniles
449 1607 518 1665 inter
532 1606 563 1686 se
582 1628 639 1681 res,
660 1607 811 1685 turbareque
830 1608 943 1666 mixtas.

242 1680 302 1745 Nisi
319 1687 379 1767 quis
393 1686 468 1752 malit
483 1686 644 1766 curfiantern,
662 1705 692 1746 ut
707 1688 773 1747 dixit
788 1686 893 1747 Seneca
908 1684 945 1743 ud
960 1682 1113 1745 Lucilium:
1129 1683 1207 1748 Cirta

242 1764 324 1828 utem
334 1768 489 1847 discurritur.
507 1766 595 1829 Porro
610 1785 684 1829 totus
697 1768 743 1827 hic
752 1768 829 1827 locus
843 1767 882 1825 ita
894 1764 1101 1826 constituendus
1114 1763 1167 1829 est:

282 1849 412 1912 Animum
432 1870 513 1908 merore
533 1849 608 1909 mitro
622 1848 787 1931 specularum
806 1865 861 1907 toto
879 1847 956 1918 orbe,
976 1845 1017 1907 ur'

284 1928 362 2006 Quid
373 1928 492 2007 jacerent
513 1930 645 2002 homines,
661 1949 723 1990 cum
742 1929 881 2009 exporrelli
893 1929 983 2007 fient,

285 2012 336 2070 Me
351 2008 452 2090 faceret
469 2010 614 2070 certiorem:
628 2012 658 2090 fi
674 2011 734 2100 quis
747 2012 860 2091 firmaret

286 2090 337 2150 Me
357 2090 449 2157 melius
469 2111 589 2172 operam,
609 2110 638 2150 rar
657 2112 715 2171 qus
734 2091 839 2169 confilio
853 2092 945 2170 parius

288 2170 416 2252 Vigiliurre
436 2169 649 2233 adminicularenr
671 2172 799 2253 nostrum:
819 2173 865 2253 qui
884 2171 958 2231 vider

285 2253 383 2311 Alium
402 2252 551 2311 turbanter!
563 2271 675 2313 extremo
695 2252 778 2311 nullis
798 2270 917 2333 tempore.

288 2333 467 2395 Oinionibus
490 2332 727 2413 ventilabundus.]
752 2333 868 2413 Antiqui
895 2332 974 2403 libri,
999 2331 1210 2399 uerrilalutndret,⁴

241 2435 263 2498 q
336 2413 441 2475 redum
456 2434 532 2496 puto.
555 2432 585 2473 ut
601 2417 674 2475 enim
692 2410 878 2475 aConsctibo
896 2412 1097 2488 Conscribillo‚
1111 2436 1128 2474 a
1140 2413 1209 2476 Sor·

244 2498 301 2559 beo
317 2494 443 2569 sorbilo,
462 2496 502 2554 ira
516 2517 534 2554 a
553 2494 644 2557 Vetto
666 2494 794 2569 Vettilo,
816 2493 891 2565 unde
909 2494 1142 2570 Vertilubundus,
1160 2496 1211 2578 qui

245 2577 382 2657 vertigine
400 2574 475 2635 allus
488 2575 570 2636 cadit.

287 2674 412 2733 Diritunr
442 2670 614 2754 apothecae]
637 2671 679 2733 Ira
705 2671 856 2735 Turnebus
875 2670 1021 2746 emendat,
1044 2673 1076 2735 &
1099 2674 1211 2749 censet,

246 2751 405 2813 Varronem
418 2753 471 2813 hoc
484 2756 575 2829 jacere
589 2754 617 2812 in
627 2753 760 2836 prodigos
777 2754 953 2828 licentiosos,
965 2756 1013 2836 qui
1026 2757 1082 2815 nati
1095 2754 1155 2815 sunt
1165 2759 1211 2816 vi*

247 2854 287 2893 no
298 2836 327 2893 in
348 2832 470 2895 vesicam
483 2835 620 2910 colando,
635 2836 738 2916 quique
755 2836 836 2897 cellas
847 2833 967 2896 divitum
977 2836 1099 2896 vinarias
1112 2853 1210 2917 epotas

246 2912 392 2977 effundunt
409 2914 438 2973 in
451 2916 594 2991 matulam,
612 2936 697 2997 quam
715 2917 782 2977 dicit
800 2937 996 2989 communem,
1015 2917 1091 2998 quod
1105 2919 1134 2976 in
1148 2938 1212 2978 eant
1298 2911 1305 2920 ⁸

247 2995 365 3059 confluit
383 2996 483 3056 vinum
501 3016 604 3071 ornne3
619 3013 649 3057 ut
664 2999 820 3057 communis
836 2998 914 3058 lotus
930 2998 1028 3057 dicitur
1044 2998 1211 3073 Acheruns,

246 3098 306 3157 quo
317 3096 416 3137 omnes
426 3075 487 3158 post
500 3094 621 3139 rnortent
631 3094 705 3139 eunt.
718 3078 858 3159 Approbo
872 3078 1109 3139 emendationem:
1123 3098 1214 3139 cetera

246 3158 323 3219 aliter
340 3158 436 3221 sentio.
451 3158 606 3241 Apothecae
621 3158 720 3235 Chiae,
736 3160 827 3232 cellae,
836 3160 977 3240 inquibus
994 3160 1092 3220 uinum
1106 3158 1214 3221 Chium
1316 3213 1322 3219 ,

178 3352 182 3362 .
248 3237 1215 3402 atriunculi{filiuninunnoni

186 3474 189 3483 ,
249 3415 295 3461 rur
306 3422 358 3479 pro
371 3402 485 3463 modulo
499 3421 596 3484 potus,
611 3404 647 3465 ad
659 3426 744 3484 quam
754 3402 967 3464 accommodare
982 3403 1100 3466 modurn
1118 3403 1214 3464 biben-

249 3480 278 3541 di
297 3483 478 3543 admonemur
494 3486 646 3565 proverbio
663 3486 729 3559 illo,
748 3482 796 3545 Est
811 3484 913 3545 modus
924 3486 1042 3546 matulae.
1055 3482 1099 3545 Sic
1111 3483 1213 3545 Patella

252 3583 307 3643 pro
320 3564 437 3633 modulo
453 3564 528 3638 cibi,
542 3567 663 3649 eleganti
674 3566 717 3626 illa
730 3566 861 3627 sententia
875 3563 1020 3627 Eumenid.
1032 3566 1141 3625 Patella
1156 3565 1215 3641 esa·
1228 3603 1231 3610 ,

196 3698 200 3704 .
250 3645 329 3705 rienri
348 3650 451 3726 postea,
465 3666 593 3724 provocer
608 3647 816 3728 Neapolitanas.
840 3646 905 3707 Hoc
924 3668 993 3729 ergo
1009 3646 1105 3705 Varro
1123 3644 1215 3703 voluit

252 3724 342 3787 dicere
355 3726 397 3785 his
418 3727 528 3789 verbis:
550 3727 680 3791 Divitum
694 3726 838 3807 exquisitas
856 3729 890 3789 δι
906 3728 1055 3806 superfluas
1069 3724 1214 3807 potiones,
1229 3772 1238 3809 Ι

251 3825 368 3869 revocat
383 3808 418 3867 ad
432 3828 612 3872 communem
627 3810 658 3869 δι
676 3824 859 3890 temperatum
872 3808 951 3869 osum
967 3823 1056 3887 porus.

293 3898 359 3958 Eris
372 3898 462 3959 iterum
481 3901 675 3983 exponente]
697 3900 810 3961 Nonius
831 3902 886 3960 hoc
900 3900 1041 3971 verbum,
1059 3914 1089 3958 ut
1107 3918 1237 3975 rarum,¹

250 3978 390 4047 observat
407 3978 513 4047 frullra.
529 4003 596 4063 uem
612 3982 687 4053 hund
705 3983 788 4047 dubie
803 3980 908 4067 scripsit
924 3981 1020 4046 vana
1039 3981 1219 4065 experrrllras,
