3209 4967
376 434 862 565 ‘tu'ttuttutt
913 496 956 568 V.
1116 522 1182 596 157

224 650 355 718 delicium
376 652 528 727 (almucia,
540 655 611 733 quod
622 652 651 711 in
665 654 741 711 choro
763 652 924 732 Proserpina
938 652 991 735 est:
1011 652 1187 732 &Pellexit,

230 736 302 813 qnod
318 736 348 794 in
361 733 508 793 Hermiona
523 736 573 814 est,
591 754 648 795 cum
664 735 704 791 ait
716 736 872 794 Pacuuius:

273 848 309 862 —
318 815 406 895 Regni
418 816 500 874 alieni
514 817 644 894 cupiditas
661 814 789 874 Pellexit.
800 848 836 861 -

230 897 314 973 Quod
328 915 413 957 tamen
430 897 469 955 ibi
487 896 554 957 idem
569 898 619 978 esi,
636 899 705 976 quod
721 896 827 967 inlicit,
842 894 955 958 inlexit:
970 896 1034 977 quia
1052 899 1100 971 E,
1119 900 1188 975 (el,

230 999 288 1037 eum
307 979 329 1040 C
348 998 469 1059 magnam
493 978 570 1039 lrabee
592 976 807 1039 communitatem.
828 977 874 1038 Sic
891 978 976 1039 Elicii
994 979 1073 1041 Joois
1086 1002 1134 1039 ara
1156 983 1186 1041 in

231 1056 388 1131 Aventino,
405 1060 439 1118 ab
457 1058 586 1119 eliciendo.
602 1057 665 1126 Nec
686 1078 732 1117 me
749 1056 836 1133 fallit,
851 1060 915 1139 quid
935 1062 1096 1141 excogitant
1115 1062 1189 1122 Ver·

230 1140 352 1202 uanius:
371 1160 458 1220 quern,
478 1158 551 1200 certe
568 1139 674 1218 secutus
688 1138 813 1212 iuillem‚
839 1138 889 1199 nist
907 1141 971 1221 quia
988 1140 1088 1215 video,
1102 1140 1144 1202 ita'
1158 1150 1189 1205 ui

232 1218 331 1298 posui,
349 1221 447 1281 melius
464 1221 585 1282 excusati
604 1220 699 1301 polle:
715 1239 746 1281 ut
764 1221 865 1280 mirum
889 1221 938 1297 sn,
975 1242 1009 1280 ua
1027 1224 1191 1303 negligentia

232 1298 362 1443 leuium,s
369 1319 398 1360 ut
414 1304 442 1361 in
457 1323 514 1362 una
524 1304 624 1386 pagina
638 1318 682 1363 tot
697 1318 834 1384 mutaeque
848 1242 1068 1385 transpolttiones
1087 1325 1193 1373 οεειιι-Ι

231 1399 321 1443 renni·
364 1397 479 1446 CALIG.

598 1492 719 1589 Pagina
761 1518 819 1589 77.
882 1490 885 1497 “

273 1622 321 1685 lin·
341 1642 366 1705 ς.
384 1628 474 1706 Quare
485 1648 541 1689 uua
555 1627 654 1711 origine
667 1627 763 1689 Inlicio
775 1624 802 1685 θ’
814 1622 960 1705 ludriam]
974 1626 1067 1705 Quare
1077 1646 1130 1685 una
1140 1627 1193 1688 oti·
1312 1624 1319 1644 ⁸

230 1704 294 1785 gine
312 1706 430 1767 inlicitam
446 1709 473 1769 t>
490 1710 607 1785 indicio,
621 1714 692 1790 quod
705 1711 734 1767 in
751 1710 827 1767 choro
843 1700 1003 1789 Proserpina
1019 1708 1059 1785 est.
1080 1706 1192 1768 Chorus

234 1784 419 1868 Proserpinae,
437 1789 487 1850 nist
513 1790 610 1863 fallor,
628 1805 686 1851 etat
709 1791 737 1849 in
750 1786 904 1849 Laodamia
922 1785 992 1847 Livii
1015 1786 1191 1853 Andronici:

232 1866 329 1948 inqua
343 1870 522 1930 introducitur
531 1872 682 1933 Laodamia
697 1891 815 1931 exorans
825 1866 1025 1949 Proserpinam,
1037 1887 1065 1927 ut
1079 1868 1129 1928 fibi
1139 1868 1192 1929 frui

232 1946 313 2008 liceat
329 1950 519 2030 complexibus
533 1954 588 2013 viri
606 1954 716 2015 mortui.
730 1950 792 2033 Ego
808 1952 923 2011 invenio
939 1970 974 2013 ex
987 1969 1021 2011 ea
1035 1948 1125 2011 fabula
1136 1950 1193 2030 pel·

192 2096 197 2104 ,
232 2029 327 2100 licuit,
343 2050 401 2089 non
421 2032 539 2104 inlicuit,
560 2054 612 2094 nec
625 2035 735 2109 inlexit,
751 2050 781 2095 ut
793 2032 853 2092 hic:

275 2113 337 2169 Aut
356 2135 424 2171 nune
443 2113 502 2173 alia
520 2134 544 2175 te
561 2116 690 2198 quopiam

273 2192 393 2268 Asiatico
414 2213 511 2264 ornatu
528 2196 659 2278 affluens,

276 2275 338 2332 Aut
356 2276 489 2336 Sardiano
502 2299 533 2337 ec
552 2278 640 2339 ludio

214 2397 222 2409 .
275 2355 392 2433 Fulgens
409 2359 509 2432 decore,
529 2361 556 2420 Gt
573 2359 662 2440 gloria

276 2435 410 2513 Polliceris.
426 2474 461 2486 -
476 2438 613 2503 Setun.
629 2473 634 2491 ·
823 2466 828 2483 ³
972 2461 975 2469 ·
1010 2486 1011 2495 t
1296 2497 1305 2511 ,

275 2516 355 2598 lim9
377 2517 416 2599 sq.
438 2524 520 2599 Quod
535 2544 620 2602 augur
639 2521 738 2603 consuli
754 2517 854 2603 adoll]
876 2519 972 2583 Varro
992 2516 1039 2581 De
1055 2543 1084 2583 te
1099 2512 1196 2587 rustica
1344 2532 1351 2548 ¹

236 2596 471 2679 lib10321toqtte¹
493 2604 578 2679 imus,
592 2606 710 2664 uenimus
731 2602 760 2661 in
783 2603 887 2663 uillam.
899 2601 946 2659 ‘Ili
970 2602 1087 2682 Appium
1109 2606 1196 2666 Clon-

235 2678 308 2739 airon
320 2678 449 2770 [edentem
462 2684 612 2743 invenimus
629 2686 658 2745 in
667 2684 823 2766 subselliis,
839 2701 868 2741 ιιι
881 2681 987 2761 confidi
997 2726 1007 2756 ‚
1015 2684 1044 2759 st
1052 2687 1116 2764 quid
1130 2687 1196 2767 ufits

231 2760 398 2903 popliticllieii
414 2762 732 2926 iilitpiicffiffiqiidsseitma
748 2862 864 2927 oporteat
882 2846 971 2908 dicere.
983 2844 1004 2931 ]
1019 2846 1102 2905 Pruit
1120 2838 1194 2915 ‹ino-j

237 2920 362 2983 τίθεται.
377 2921 476 2994 Praeire
494 2927 590 2988 verba.
605 2927 741 2990 Scitum.

135 3015 137 3021 '
278 3004 322 3063 lin.
343 3002 389 3064 18.
414 3006 515 3067 illicite·
529 3009 625 3069 illexit.
643 3010 711 3087 Qua
728 3027 784 3068 cum
805 3008 833 3065 E
855 3005 935 3087 &c.]
956 3006 1030 3086 Quia
1048 3008 1065 3067 I
1075 3020 1131 3067 cum
1146 3009 1175 3067 E
1185 3018 1198 3083 ,¹

238 3084 369 3166 quidam:
393 3085 440 3147 sed
461 3090 528 3166 mihi
545 3090 622 3150 locus
645 3091 688 3149 hic
707 3088 854 3149 mendosus
875 3088 966 3148 adhuc
989 3086 1107 3149 videtur.
1125 3088 1199 3149 Atr-

239 3180 383 3230 GUSTIN.
403 3168 523 3232 Videtur
544 3169 708 3253 legendum:
728 3171 821 3231 illiciti
834 3168 921 3244 illex,
938 3168 1028 3249 meiol
1042 3191 1098 3229 cum
1112 3171 1156 3243 E,
1168 3172 1195 3231 d·

241 3252 265 3309 C
279 3268 335 3307 cum
347 3251 387 3307 X.
409 3248 474 3311 Hoc
489 3252 577 3333 ipsum
595 3272 698 3311 nomen
711 3252 839 3325 illiciam,
852 3252 956 3331 inquit,
971 3250 1098 3330 scriptum
1112 3249 1151 3329 est
1168 3254 1198 3312 in

239 3325 285 3391 M.
302 3327 377 3402 Junii
401 3328 478 3391 Bruti
497 3332 713 3395 Commentariis
730 3330 795 3411 juris
815 3332 921 3391 civilis:
936 3329 982 3391 sed
1000 3332 1039 3393 ibi
1057 3332 1132 3392 idem
1148 3332 1201 3406 est,

239 3412 316 3492 quod
334 3410 398 3469 illex
420 3416 546 3492 nequitia.
560 3435 625 3473 nam
640 3433 785 3493 utrumque
802 3413 912 3472 illiciunt
927 3413 958 3473 &
975 3412 1039 3473 illex
1054 3412 1093 3473 est
1107 3434 1201 3474 aver·

239 3492 281 3552 bo
296 3492 408 3552 inlicio:
423 3496 487 3573 quia
501 3498 518 3554 1
531 3516 588 3555 cum
599 3496 638 3569 E,
649 3496 676 3555 fe
689 3497 776 3556 Coum
790 3497 822 3552 X
836 3517 878 3553 mo
896 3514 957 3551 nam
976 3496 1071 3553 liabent
1084 3495 1200 3577 affinita-

240 3591 300 3633 tem.
318 3571 432 3632 lllicinm
442 3597 493 3653 pto
507 3575 588 3648 illice,
599 3576 657 3635 live
672 3577 840 3635 illeilamento
849 3620 858 3649 ‚
868 3514 969 3634 iturus
985 3569 1062 3633 dixit‘.
1075 3578 1107 3636 δι
1118 3574 1200 3636 Gee-

240 3676 275 3714 to
291 3654 327 3713 ad
342 3645 467 3714 Atticum
487 3659 534 3717 lib.
559 3676 609 3716 11:
628 3659 665 3736 Q.
689 3660 807 3716 fratrem
822 3656 933 3716 illiciunt
953 3676 1012 3714 mea
1028 3656 1199 3735 projeuionis

234 3735 324 3817 foiffe
339 3732 434 3794 Varro
453 3737 488 3799 de
500 3736 543 3799 Re
563 3735 660 3797 rustica
678 3738 726 3796 lib.
743 3759 757 3819 3
770 3738 845 3799 :Sed
854 3738 881 3813 fi
892 3737 1032 3811 tranfitura
1047 3738 1109 3813 sune
1124 3756 1198 3816 apes,
1218 3773 1222 3789 r

241 3840 277 3877 ex
295 3814 409 3896 apiastro
426 3818 635 3895 perfricandum,
648 3819 718 3899 quod
730 3818 841 3877 illicium
856 3818 904 3876 lroe
922 3816 989 3876 illis.
1006 3815 1136 3877 ΡΟΡΜΑ.

282 3897 331 3959 lin.
345 3915 391 3967 24.
410 3896 523 3971 Errare,
537 3897 652 3978 icium]
676 3897 771 3957 Scribe
791 3897 885 3979 ἔρῥιιν.
901 3894 1022 3958 ’olore
1039 3894 1078 3958 d:

319 3971 352 4039 “tt
367 3973 400 4053 μ’
420 3976 581 4062 ciuilium
600 3973 747 4044 recimero
766 3976 857 4055 tirou
872 3964 995 4058 incipero.
