3209 4967
394 465 1283 619 turutcmaurnJ3n2‹

214 675 346 743 llolatutu
360 680 396 741 ad
408 682 533 743 Atticum
548 678 716 741 norillitnum
736 678 784 743 est.
800 680 920 745 Videtur
938 696 1031 743 autem
1049 678 1103 743 elle
1120 702 1187 762 par·
1242 701 1246 713 ·

219 765 323 838 oemia,
342 764 421 836 cujus
442 760 678 843 aptiffimususus,
694 782 757 823 cum
779 763 900 845 graviori
915 783 1000 824 onere
1020 765 1185 843 quempiam

215 844 391 917 relaxamus3
409 842 456 904 vel
471 862 535 903 cum
558 843 734 903 adhortamur
750 843 848 917 adid,
863 844 900 903 ad
915 844 990 924 quod
1005 866 1022 903 a
1038 861 1136 904 tratura
1149 843 1186 905 fit
1247 892 1251 897 .
1358 854 1361 862 '

91 964 97 974 ·
212 944 298 1005 'aprus
312 923 468 1007 failusque,
484 944 515 981 ur
531 922 648 984 docilem
667 923 703 983 ad
717 924 824 997 literas,
836 924 1034 992 ¹verecundum
1048 925 1085 984 acl
1100 922 1185 984 casti·

218 1020 312 1068 tarem.
333 1004 411 1065 facile
432 1008 506 1065 enim
525 1004 564 1065 est
589 1021 768 1075 currentem,
788 1023 819 1064 ur
839 1006 935 1078 ajunt,
960 1006 1083 1067 incitare.
1102 1005 1185 1087 Argo

218 1087 298 1145 navis
314 1085 365 1147 luit
387 1084 481 1167 insigni
500 1086 657 1156 celeritate,
675 1106 760 1165 aqua
780 1104 885 1145 nomen
904 1085 996 1148 habet.
1013 1107 1079 1147 narn
1091 1088 1184 1169 lippit

140 1152 142 1202 l
219 1167 336 1237 celerem
352 1184 461 1227 veteres
481 1166 613 1228 dixerunt.
637 1165 808 1229 Catullusde
825 1167 1011 1248 Argonautis:

259 1248 331 1327 Ausi
342 1248 409 1327 ficar
428 1254 499 1307 uado
516 1247 592 1325 firlfic
611 1248 666 1307 cita
686 1251 813 1309 decurrere
829 1249 940 1329 μιιμμί.·

260 1327 442 1409 Atrebate]
458 1328 613 1390 Andabatae
633 1349 711 1390 erant
730 1328 911 1409 gladiatores,
926 1329 972 1410 qui
990 1350 1026 1389 ex
1041 1330 1118 1411 equis
1133 1350 1186 1411 pu.

219 1410 344 1491 grabam
370 1410 456 1470 oculis
482 1408 592 1483 clausis,
614 1410 661 1469 vel
686 1414 773 1491 capite
798 1426 918 1491 operto,
930 1432 965 1471 ne
984 1411 1050 1471 alter
1069 1411 1186 1472 alterum

216 1489 308 1571 pollet
325 1508 447 1551 cernere.
457 1490 538 1551 unde
553 1491 660 1572 vulgari
675 1492 827 1572 proverbio
838 1488 875 1549 fic
884 1492 1029 1561 dicuntur,
1040 1494 1086 1573 qui
1101 1510 1189 1553 reme·

219 1573 293 1631 tatia
302 1589 385 1653 atque
402 1570 600 1632 inconsiderata
609 1574 788 1633 contentione
797 1574 825 1629 in
837 1589 898 1631 rem
911 1574 1072 1653 quampiam
1079 1575 1187 1634 incum-

220 1652 307 1727 bunt3
321 1653 396 1714 velut
410 1654 456 1733 qui
475 1654 589 1713 honoris
606 1654 638 1713 &
648 1654 740 1733 gloriae
759 1651 922 1731 cupiditate,
934 1674 981 1714 aur
998 1675 1094 1713 amore
1113 1655 1188 1715 diri·

219 1734 319 1793 riarum
339 1732 415 1814 quast
426 1736 577 1807 occaecad,
590 1734 625 1793 de
640 1735 671 1792 iis
687 1736 821 1795 acerrime
835 1734 1005 1795 contendunt
1020 1736 1090 1795 inter
1108 1734 1136 1795 se
1154 1737 1190 1798 &e
1305 1756 1308 1760 ·

116 1834 123 1887 g
218 1814 415 1897 digladiantur:
431 1836 507 1896 quos*
515 1816 614 1895 lacerat
624 1815 683 1874 haec
693 1814 853 1893 Menippea:

261 1899 298 1954 Tu
317 1894 369 1959 eri
388 1896 522 1977 apirian]
545 1895 587 1957 lta
601 1895 759 1955 emendavit
775 1892 890 1976 Lipsius.
907 1893 990 1954 teile.
1009 1894 1103 1955 Varro
1119 1895 1190 1955 allo·

221 1976 313 2056 quitur
332 1976 513 2037 Andabatam
522 2022 531 2052 ,
541 1977 586 2056 qui
600 1977 628 2033 in
644 1994 737 2057 pugna
748 1974 870 2037 frontem
885 1975 916 2036 ἃ
928 1976 1024 2037 oculos
1039 1974 1128 2037 tetius
1141 1996 1189 2056 ga.

221 2057 288 2130 lea,
305 2073 356 2115 nec
378 2058 467 2116 minus
482 2074 574 2117 tamen
598 2057 639 2117 his
659 2056 769 2117 detellis
784 2058 912 2117 caecutit:
931 2057 996 2135 quia
1014 2067 1130 2131 aurum,
1146 2060 1189 2126 un,

221 2138 300 2219 quit,
315 2158 372 2196 non
391 2139 481 2199 minus
503 2154 622 2199 excaecat
640 2137 749 2209 oculos,
761 2158 845 2217 quam
855 2154 903 2196 tua
912 2137 970 2197 haec
980 2138 1071 2219 galeai
1180 2166 1185 2174 ·

265 2220 387 2297 AEdrpol
400 2220 503 2299 idern]
524 2216 646 2299 Usurpat
661 2218 748 2279 Plauti
763 2216 875 2279 versum
885 2219 914 2276 in
925 2217 1034 2280 Milite:

185 2354 192 2369 ,
263 2299 342 2380 Quid
351 2298 430 2379 jam?
446 2302 509 2380 quia
523 2300 673 2393 lufiiosus?
689 2300 793 2360 verbero
813 2297 914 2380 edepol
927 2316 958 2357 ru
972 2301 1075 2379 quidem
1091 2318 1192 2378 cecus,
1284 2340 1288 2345 -

232 2398 237 2409 “
364 2383 618 2441 ’Μωωπ
776 2424 779 2435 ,

232 2521 235 2527 ,
263 2463 396 2521 Mortales
422 2383 535 2541 multis]
556 2384 675 2522 iidetur
698 2461 810 2532 dicere,
828 2459 935 2519 varum
959 2458 1192 2525 &intestabilem

220 2542 277 2605 elle
296 2542 570 2614 triturationem&
589 2542 636 2602 vel
651 2542 760 2601 incertis
778 2540 895 2601 fortunae
913 2542 1038 2613 eventis,
1052 2543 1100 2603 vel
1113 2562 1193 2605 caeco
1226 2552 1232 2556 ’

222 2625 327 2703 impetu
348 2622 529 2701 cupiditatum
550 2623 680 2683 homines
695 2620 751 2683 huc
774 2621 805 2682 &
823 2620 885 2681 illuc
901 2621 960 2701 rapi
976 2638 1058 2702 atque
1077 2624 1190 2703 impelli.
1310 2629 1312 2632 ’

223 2704 295 2765 Illud
311 2720 402 2763 autem
416 2704 503 2783 rurstcr
519 2713 551 2762 dc
563 2703 668 2783 prorsus
679 2722 791 2785 ,gertus
808 2703 956 2762 locutionis
971 2704 1087 2783 antiquis
1108 2704 1192 2771 urite«,
1280 2768 1282 2772 ,

224 2804 305 2854 tunt,
322 2784 441 2843 formam
453 2784 591 2865 quandam
602 2783 686 2843 habet
698 2784 848 2863 proverbii.
866 2781 971 2846 Eunus
986 2784 1190 2851 Andromeda:

267 2864 369 2943 Rursus
381 2867 487 2945 prorsus
505 2866 645 2945 reciprocat
661 2868 756 2940 fluidas
772 2863 869 2946 feram.
983 2902 985 2905 >
1090 2908 1092 2911 -
1182 2900 1186 2907 ·

223 2945 336 3009 Plautus
351 2946 572 3027 Amphitruone:
783 3022 786 3027 ἱ
852 2951 860 2973 '

263 3026 329 3107 Ego
350 3048 433 3087 curras
453 3025 579 3104 rerffrrr,
599 3028 698 3107 rurfirrrr
715 3028 835 3108 prorfirrn
855 3028 966 3089 tradere.

223 3106 373 3170 Terentius
392 3107 526 3190 Hecyra:
852 3141 854 3146 ·

157 3187 160 3201 '
269 3188 344 3250 Tace.
367 3192 489 3268 trepidari
503 3191 611 3271 sertio,
632 3190 659 3249 6·
679 3188 777 3267 curfitri
797 3190 897 3269 rursum
915 3189 1040 3269 prorsum.

226 3267 305 3348 Quae
317 3272 406 3331 verba
420 3273 558 3349 explicans
571 3269 720 3342 Donatus,
739 3272 870 3349 Rursum,
886 3263 991 3351 inq'ui't,
1003 3268 1103 3349 proprie
1118 3287 1192 3346 retro,

225 3352 341 3431 prorsum
358 3370 418 3412 anre
427 3353 579 3433 fignificat:
594 3352 666 3431 &ch
678 3352 840 3431 proverbiale
850 3394 858 3422 ,
868 3353 940 3431 stcut
950 3350 1072 3429 dicimru,
1085 3352 1194 3434 Sursum
1223 3375 1225 3382 ’

228 3416 341 3511 deorsum
349 3478 359 3505 ,
375 3436 453 3493 Retro
467 3432 564 3513 joras,
579 3435 643 3503 Hac
658 3432 732 3491 illac.
750 3430 909 3511 Euripides:

271 3511 405 3588 orporea
425 3511 491 3573 rr'u'u²
513 3513 543 3575 ri
557 3512 616 3577 aaut
639 3511 766 3574 aduerte
786 3513 836 3573 real
856 3511 963 3595 πρόσω.

271 3593 340 3651 Herc
360 3596 427 3653 enirn
447 3596 500 3654 Dii
519 3596 616 3677 rurfhm
636 3616 669 3653 ac
686 3596 803 3675 prorsum
823 3594 936 3673 miscent.

225 3670 323 3755 ,Quod
337 3671 466 3735 Erasmus
483 3695 582 3756 purum
598 3674 668 3736 teile
685 3678 787 3747 vertit,
805 3676 912 3759 Sursum
931 3677 1055 3759 deorsum.

595 3773 718 3887 Pagind
746 3796 827 3889 263.

1248 3787 1256 3799 ,
1283 3748 1295 3780 θ

272 3926 330 3987 Nec
345 3943 440 3983 manus
453 3918 533 4003 visco.
547 3920 560 4003 ]
581 3912 717 3981 Dicuntur
736 3941 835 3981 manus
844 3917 924 3983 visco
935 3916 1043 3980 tinxill'e
1053 3962 1064 3995 ,
1074 3916 1123 4001 qui
1136 3914 1199 3992 fut2¹

87 4018 89 4025 ’
174 4032 176 4035 ·
230 4007 307 4071 tis&
323 4004 425 4083 rapinis
440 4000 557 4063 student.
569 4000 653 4061 Lucil.
667 4002 716 4063 lib.
728 4000 764 4063 28
781 4000 876 4085 Satyr.

330 4092 380 4164 M.
402 4088 441 4159 T.
465 4092 580 4164 Varro.
605 4090 681 4161 Vol.
699 4088 746 4162 ΙΙ.
793 4080 800 4093 ’
971 4082 1010 4155 X
