3209 4967
386 530 453 581 102
697 506 992 579 NOTAE

384 664 512 727 tullianus
523 656 596 723 ‘dixit
614 661 786 743 postulatione
803 664 831 721 in
849 662 920 724 libro
938 664 975 725 de
998 660 1112 728 &rona
1125 665 1231 726 militis:
1249 659 1349 748 Q'ece'o

345 808 349 815 ,
376 747 479 829 fiori,
492 746 598 804 bonores
608 791 618 819 ,
623 745 814 825 solemnitates,
823 746 1028 826 postuloritotes,
1040 746 1119 827 salsa
1132 765 1205 808 uoto.
1214 747 1348 813 POPMA.

423 827 469 885 lin.
482 845 528 900 24,
544 825 576 884 A
589 824 739 888 concordio
756 825 880 909 uersum]
893 828 980 909 Vulg.
994 850 1012 888 e
1025 830 1170 889 Concordia
1186 834 1346 908 conuersum.

382 906 474 989 Lege:
485 908 701 969 Aet-tonnerre
713 910 872 988 conuerfitm.
887 906 931 970 Eo
945 912 1017 969 enim
1029 908 1199 971 conversum
1216 912 1350 993 supplices
1367 936 1370 942 ·

381 1008 481 1051 manus
496 986 660 1068 protendisse
675 990 831 1071 colligimus
842 1010 878 1049 ex
887 989 987 1051 Livio:
1002 990 1138 1065 Silentio,
1153 994 1251 1071 inquit,
1262 992 1350 1071 fictio,

382 1067 478 1149 templa
497 1070 614 1131 Deorum
630 1071 832 1145 immortalium,
850 1090 907 1151 pun
920 1068 983 1150 fimo
1003 1072 1157 1149 imminent,
1176 1075 1354 1153 Capitolium-⁶
1385 1073 1390 1099 l

381 1172 431 1231 que
447 1153 603 1222 intuentem,
624 1150 650 1211 θ
667 1172 762 1212 monus
780 1173 850 1213 nunc
864 1150 896 1235 in
911 1154 1018 1228 cubem,
1037 1154 1151 1216 nuncin
1171 1170 1242 1214 terra
1253 1175 1349 1235 poten.

383 1233 421 1293 tis
438 1232 539 1291 bionum
564 1235 601 1292 ed
617 1235 694 1293 Deos
710 1252 799 1293 mones
809 1234 1042 1327 por'rigeneem,se
1059 1235 1198 1317 deuoueffi.
1214 1234 1348 1299 Formula

359 1352 361 1369 .
382 1313 558 1385 devotionis,
573 1327 703 1395 mentum
718 1334 753 1374 ex
771 1314 831 1375 alies
848 1316 948 1374 imitari
965 1317 1119 1395 potuimus,
1138 1318 1198 1398 plus
1213 1320 1349 1381 minusita

383 1395 495 1475 concipi
516 1395 634 1475 poterit:
651 1396 737 1469 June,
757 1398 836 1460 louis
851 1405 945 1475 peter,
963 1398 1123 1479 Marspiter,
1139 1400 1264 1479 Quirine,
1288 1400 1351 1459 La·

378 1478 439 1558 ses,
456 1476 529 1540 Divi
543 1462 715 1556 nouerifides,
728 1478 781 1541 Dii
796 1478 941 1557 indigetes:
955 1479 1046 1553 Diui,
1065 1500 1171 1559 quorum
1188 1482 1222 1560 est
1236 1483 1350 1563 potestas

380 1557 473 1637 populi
487 1558 604 1617 Romani
620 1558 767 1637 Quiritium
777 1560 913 1641 ,meiquet
928 1560 1146 1639 iiiique-manes,
1160 1564 1213 1643 sub
1229 1585 1279 1624 uos
1290 1564 1351 1643 plu·

382 1660 433 1711 co,
454 1659 618 1723 venerorque:
635 1641 742 1699 ueniam
761 1632 841 1722 peto,
865 1642 1033 1722 obsecroque,
1047 1642 1089 1700 teti
1106 1643 1204 1723 popolo
1225 1645 1349 1705 Romano
1416 1686 1420 1693 -

384 1719 532 1801 Quiritium
545 1724 628 1781 uitam
639 1723 802 1802 serlonemque
811 1724 978 1803 prosperetis:
988 1722 1028 1781 uti
1041 1742 1089 1802 ego
1107 1724 1239 1805 ouimprn
1250 1724 1352 1806 nefin-

381 1803 505 1863 rnidinem
518 1821 660 1883 metumque
686 1822 798 1876 ornnem,
820 1804 951 1883 celestium
975 1802 1153 1883 infernumque
1170 1808 1283 1867 omnium
1300 1809 1349 1865 ‹li-

379 1906 427 1943 ras
440 1914 456 1954 ,·
474 1884 539 1945 ocuti
555 1886 641 1944 uerbis
658 1884 836 1965 nuncupoffit:
852 1886 892 1948 ito
908 1906 959 1967 pro
977 1885 1120 1965 republica
1140 1888 1232 1966 popole'
1251 1890 1352 1946 Rorna-

384 1966 414 2023 ni
431 1964 594 2045 Quiritium,
612 1968 694 2027 vitorn
705 1968 866 2045 firlutemque
876 1988 957 2025 meam
970 1967 1038 2026 Diis
1052 1967 1193 2046 monibus,
1205 1968 1350 2048 Tellurique

337 2050 351 2061 ''
383 2047 510 2106 devoveo.
530 2044 652 2107 Decium
690 2067 780 2130 noque
803 2046 893 2107 silium
910 2048 1038 2129 exemplo
1057 2051 1140 2129 pneris
1157 2049 1184 2109 se
1197 2052 1352 2130 propatria
1398 2075 1403 2085 ·

383 2128 577 2187 devoventem
597 2068 785 2189 introboxerat
799 2130 827 2187 in
842 2128 1004 2189 Praetextnta
1019 2128 1053 2189 1„
1072 2129 1178 2204 Attius,
1192 2132 1238 2189 cui
1252 2133 1372 2191 AEnea-·

384 2208 435 2268 das
448 2204 492 2277 seu
512 2204 634 2267 Decium
646 2229 749 2269 nomen
765 2208 877 2276 fecerat.
892 2210 986 2291 Atque
1002 2211 1063 2269 baec'
1077 2211 1164 2271 verba
1175 2213 1258 2272 citata
1269 2210 1353 2274 aNo·

384 2290 455 2359 nio,
475 2308 532 2347 non
549 2289 698 2349 obscurum
716 2288 755 2351 est
769 2290 806 2349 ab
826 2290 886 2371 ipso
904 2291 1039 2369 proferri:

427 2369 524 2429 Patrio
545 2373 720 2451 exemplome
739 2371 852 2432 dicabo:
872 2374 988 2432 animam
1007 2372 1136 2431 devorabo
1156 2374 1280 2453 buslibet.

384 2450 501 2513 Deinde
517 2448 643 2532 posuera‘t
661 2451 808 2513 formulam
822 2439 997 2534 devotionis,
1012 2472 1075 2534 quae
1090 2454 1149 2515 haec
1163 2456 1219 2520 ott:

432 2532 469 2591 Tc
482 2534 573 2613 secuse
592 2555 717 2595 uenernns
735 2536 854 2615 precibus
875 2535 971 2593 inville
990 2537 1103 2609 invoco,

430 2613 559 2674 Portenta
579 2636 609 2675 ut
623 2616 720 2697 popolo
737 2616 834 2695 potrioe
853 2636 990 2675 verrunces
1009 2618 1081 2676 benc.

386 2693 433 2757 Ac
448 2694 552 2772 nescio,
571 2718 607 2757 an
622 2696 697 2775 idem
716 2698 878 2757 intellexerit
895 2696 999 2758 Ennius
1018 2696 1119 2758 Annali
1134 2696 1172 2778 6:

494 2784 496 2791 '
573 2782 704 2839 -audite
721 2799 877 2861 parumper,
1214 2778 1218 2786 ⁴

433 2862 476 2919 Ut
488 2880 539 2940 pro
560 2860 679 2921 Romano
696 2860 792 2941 popolo
811 2862 973 2944 prognoriter
992 2863 1074 2922 armis

432 2942 576 3013 cenacto,
595 2945 710 3023 prudens
731 2944 843 3011 unimam
863 2945 896 3004 te
914 2963 1016 3016 corpore
1036 2942 1119 3002 mitto.
1133 2943 1273 3034 Seme}-
1367 2973 1375 2983 =

388 3016 553 3101 Legendurn
563 3046 570 3084 :
582 3024 632 3083 At
647 3024 796 3085 Concordia
811 3026 921 3103 uersuum.
933 3023 1000 3082 Mos
1010 3025 1083 3082 enim
1093 3038 1174 3080 vetos
1189 3021 1358 3081 &solemnis
1435 3074 1443 3080 .

384 3102 414 3160 in
431 3102 636 3177 devotionibus,
650 3122 679 3164 ut
695 3120 839 3185 precantes
854 3103 1024 3183 adspicerent
1039 3101 1141 3180 templu
1159 3100 1298 3175 Deonun,
1323 3105 1358 3165 &

386 3181 425 3239 ad
442 3182 485 3240 illa
502 3183 588 3256 verse,
609 3184 636 3243 se
660 3185 744 3243 morri
769 3182 911 3243 offerrent.
936 3180 1031 3240 Livius
1055 3181 1090 3241 de
1110 3183 1210 3241 eodem
1233 3181 1359 3247 Curtio:

391 3263 505 3341 Templo
519 3266 636 3325 Deorum
652 3264 855 3336 immortalium,
870 3284 927 3341 qun
937 3263 1001 3340 fhro
1017 3262 1168 3336 imminent,
1185 3263 1357 3344 Capitolium·

358 3362 361 3372 ·
388 3362 438 3421 pue
456 3344 614 3419 intuentem,
630 3346 657 3405 6·
671 3366 764 3403 monus
785 3364 855 3403 nunc
873 3345 1022 3417 incolum,
1040 3365 1110 3403 nunc
1126 3345 1155 3403 in
1171 3362 1242 3405 terreo
1258 3366 1357 3422 poten·

348 3430 355 3437 “
387 3424 425 3481 tis
443 3421 546 3481 biotum
564 3414 601 3485 oli
617 3426 691 3486 Deos
709 3446 801 3483 mones
815 3424 984 3505 polrigentem
995 3427 1026 3506 se
1049 3426 1187 3506 deuouiffe.
1214 3427 1265 3486 Ab
1289 3430 1358 3487 Con·

387 3504 481 3567 cordio
497 3507 613 3584 uerfiem,
629 3507 739 3587 entique
759 3507 882 3581 locutio,
903 3525 989 3585 qtturn
1007 3508 1089 3567 etiam
1107 3506 1256 3568 Priscianus
1271 3520 1358 3569 occu·

387 3602 446 3647 tete
465 3584 634 3648 observavit.
654 3588 747 3649 Varro
764 3588 811 3647 lib.
837 3607 869 3669 5:
888 3590 939 3648 Sol
952 3592 990 3648 oei
1005 3609 1053 3648 nos
1066 3590 1184 3729 verprem3
1202 3591 1233 3650 &
1251 3589 1299 3651 lib.
1321 3589 1358 3652 8:

388 3668 422 3728 A
437 3669 527 3727 brume
537 3671 637 3751 uersum
654 3658 787 3731 contrarib
801 3690 886 3749 parte.
900 3668 994 3731 Caesar
1009 3670 1043 3727 de
1053 3668 1101 3730 Bel
1111 3670 1249 3732 oGallico
1259 3671 1305 3732 lib.
1321 3672 1359 3734 6:

390 3748 422 3809 Τ.
445 3750 590 3813 Labienum
607 3772 663 3811 cum
680 3748 827 3829 legionibus
850 3752 933 3811 tribus
949 3754 987 3808 od
1013 3753 1145 3812 Oceanum
1166 3754 1265 3833 oerfits.
1282 3753 1359 3812 idem

387 3828 435 3889 lib.
449 3832 482 3891 6:
507 3833 604 3892 Mouet
619 3833 647 3892 in
660 3833 798 3892 Aruernos
817 3833 913 3911 uersus.
932 3829 1066 3891 Sallustius
1084 3832 1219 3895 Catilina:
1235 3835 1268 3893 In
1286 3833 1358 3892 Gol-

389 3911 457 3971 lt'orn
476 3915 567 3994 orestes
584 3914 666 3993 callen
684 3932 791 3977 mouere.
808 3911 940 3975 ΡΟΡΜΛ.

431 3990 476 4057 lin.
501 4010 551 4073 31.
576 3994 865 4078 carnotenorum]
891 3995 966 4056 Prior
986 4015 1045 4058 vox
1064 3994 1215 4071 redundat3
1230 3992 1278 4055 nis
1293 3994 1353 4069 eto
