3209 4967
425 466 959 615 rurrnnunri.
1128 563 1173 633 μ

214 699 280 764 Hoc
296 700 334 763 stc
353 700 460 783 reperio
477 699 676 781 perscriptum:
696 701 736 758 Et
752 699 861 758 Ennius
879 717 972 759 terram
990 720 1104 780 corpus,
1122 721 1179 780 que

215 783 325 862 deperit,
339 782 423 863 ipstrm
438 804 545 864 capere,
565 803 645 862 neque
662 782 782 863 dispendi
794 781 884 859 fluere
903 782 993 843 hilum.
1011 781 1087 843 Solet
1103 783 1179 841 enim

215 862 353 924 interdum
378 861 416 923 stc
444 881 591 945 poetarum
613 863 701 924 verba
744 860 847 923 toferre
861 863 982 936 Varro,
1009 878 1040 922 ut
1068 860 1180 923 versum

216 962 341 1018 evertat,
361 962 408 1006 aut
420 945 536 1005 mutilet.
557 944 713 1009 Tutuuu.
753 942 827 1005 ersus
844 942 906 1003 sunt
923 944 996 1006 duo:
1010 942 1072 1023 Effe
1087 964 1180 1022 corpus

217 1046 325 1100 terram,
337 1047 391 1106 que
406 1026 520 1107 peperit,
536 1026 621 1107 ipsam
635 1048 739 1106 rapere,
748 1046 828 1105 neque
843 1026 976 1105 dispendii
982 1023 1073 1104 facete
1089 1024 1183 1085 hilum.

218 1105 281 1185 Qui
296 1128 368 1169 veto
388 1105 449 1167 sunt
470 1110 618 1189 excogitan
634 1107 862 1169 acottedloribus
876 1104 1012 1166 Romanae
1027 1106 1182 1179 editionis,
1288 1105 1290 1114 ’

218 1188 251 1249 δι
268 1188 366 1248 nullius
389 1188 480 1249 sensus
495 1188 571 1265 sunt,
586 1191 618 1251 δι
637 1188 719 1270 longe
737 1186 835 1248 absunt
850 1208 867 1245 a
882 1186 1011 1248 sententia
1034 1187 1182 1249 Varronis.

218 1267 403 1351 Quamquam
418 1290 476 1329 non
495 1288 569 1331 caret
585 1271 706 1344 ratione,
725 1270 800 1349 quod
815 1288 868 1351 pro
885 1269 1001 1349 peperit,
1019 1266 1184 1331 restituerint

219 1352 332 1431 deperit:
356 1350 434 1431 qtrod
456 1350 588 1413 videntur
604 1350 729 1432 suspicati
746 1348 823 1423 elle,
845 1346 966 1410 Ennium
981 1350 1028 1409 hic
1048 1368 1131 1430 agere
1147 1346 1184 1407 de

211 1431 415 1507 ‘eonjundlione
434 1431 494 1493 caeli
508 1432 540 1493 δι
554 1446 653 1503 terrae,
674 1430 783 1493 addudli
800 1432 851 1491 illis
866 1432 958 1491 verbis
981 1429 1138 1510 Euripidis:

262 1524 327 1611 'Epir
341 1525 395 1604 μὲν
415 1523 520 1608 ’ὄμβρον
536 1524 675 1609 yuti‘irut
695 1524 730 1605 ξν
747 1528 775 1588 ἣν
792 1524 890 1586 πίθον.
910 1526 943 1586 &
956 1544 1017 1607 quae
1031 1524 1187 1606 sequuntur.
1212 1594 1218 1604 x

219 1605 280 1669 sunt
304 1610 378 1668 enim
405 1607 492 1689 vulgo
510 1609 571 1669 noti
592 1608 665 1689 apud
687 1552 863 1668 Ardenaeum.
889 1604 963 1672 Item
976 1628 1011 1666 ex
1034 1603 1186 1688 AEschylo:

260 1694 325 1779 'lippi
338 1697 390 1774 μὲν
406 1694 497 1781 icy-eir
512 1694 624 1781 eripuerit
642 1696 749 1781 aptium
770 1698 873 1781 χῖνὸννν
888 1698 947 1760 &o
1026 1760 1030 1767 ,

221 1776 306 1841 Unde
324 1780 407 1840 illud:
429 1795 432 1803 “

229 1880 233 1889 '
263 1872 328 1932 Tum
342 1891 419 1954 pater
436 1872 597 1955 omnipotens
615 1870 746 1950 secundis
768 1872 891 1932 imbribus
909 1871 1009 1933 AEtlrtr

229 1956 233 1965 '
264 1954 390 2035 Coniugis
412 1956 440 2015 in
458 1950 582 2037 gremium
605 1955 670 2014 lette
686 1955 826 2037 descendit.
845 1984 881 2000 -

223 2044 365 2131 Papinius:

413 2130 538 2213 —ipfitm
554 2132 581 2191 in
597 2130 726 2193 connubia
746 2132 829 2191 Terre

217 2211 219 2217 '
266 2211 404 2285 AErdera,
417 2233 474 2273 cum
492 2212 605 2293 pluuiis·
615 2211 746 2292 rarescunt
764 2210 859 2279 nubila
871 2256 882 2287 ,
891 2210 980 2294 ῥῖνα.

223 2302 316 2383 Quod
332 2304 371 2367 est
391 2327 427 2369 ex
443 2304 611 2388 Scytharum
627 2308 770 2387 opinione.
786 2306 949 2367 Herodotus
964 2303 1036 2365 libro
1055 2323 1094 2380 4:
1107 2301 1192 2367 Θενὺς

222 2380 261 2447 di
287 2384 404 2462 μούνους
427 2386 532 2449 triade
558 2388 741 2461 luderentur,
760 2386 860 2450 Ἱντίννν
881 2386 934 2465 μὲν
957 2386 1115 2465 uiuere,
1142 2385 1198 2447 ent

225 2466 261 2529 di
280 2466 338 2529 Δίον
359 2490 393 2529 τε
415 2469 465 2529 ue>
482 2468 541 2532 stit·
560 2469 713 2547 νομίζοντες
736 2466 784 2532 triu
811 2467 861 2533 Γνῖν
884 2466 936 2530 τοῦ
960 2471 1027 2530 Διὸς
1049 2462 1195 2555 eleutheru-

225 2546 319 2610 euleu.
336 2547 383 2609 Est
405 2550 479 2629 apud
498 2548 682 2623 Pausaniam,
703 2548 754 2615 siit
771 2544 904 2633 ἄγαλμα
924 2544 1105 2611 iuratoribus
1121 2543 1196 2609 tieei

226 2626 252 2687 oi
270 2631 317 2692 ru
327 2629 403 2693 Aia.
423 2630 493 2696 Haec
508 2631 584 2705 sunt,
596 2650 657 2713 quae
673 2630 783 2711 possunt
798 2633 880 2693 uobis
894 2631 1019 2705 objicere
1032 2674 1043 2703 ,
1055 2648 1086 2688 ut
1101 2645 1197 2689 tuean-

226 2723 271 2769 tur
292 2711 493 2771 corredlionem
513 2712 608 2783 suam:
632 2732 695 2793 quae
718 2728 776 2772 tota
793 2711 916 2771 versatur
933 2715 962 2770 in
982 2710 1073 2771 verbo
1090 2709 1199 2791 deperit.

226 2788 259 2851 ld
275 2810 345 2851 vero
366 2791 558 2853 alieniffimum
576 2791 615 2875 est
630 2810 723 2853 mente
738 2793 889 2866 Varronis,
900 2808 950 2853 aut
965 2789 1058 2851 Ennii.
1071 2790 1105 2851 ld
1120 2790 1198 2851 enirn

226 2869 342 2931 volebat
361 2872 420 2945 ille,
437 2876 557 2934 aninum
572 2893 606 2932 ex
621 2874 738 2943 aethere,
755 2893 856 2953 eorpus
871 2894 906 2933 eu
919 2888 993 2933 tetra
1006 2868 1076 2936 elle:
1098 2892 1199 2931 unum-

227 2951 357 3093 {uodque
378 2974 448 3013 veto
465 2952 547 3029 illuc,
569 2954 642 3015 unde
660 2952 817 3034 profedlum
841 2972 919 3037 etat,
938 2954 1059 3015 reverti:
1076 2968 1106 3011 ut
1121 2951 1199 3012 idem

253 3034 428 3113 picharmus,
457 3033 547 3096 forsan
571 3035 598 3093 in
618 3036 719 3095 eodem
745 3054 848 3114 opere,
874 3032 986 3095 testatus
1004 3031 1114 3106 fuerat,
1132 3052 1201 3091 cum

227 3115 280 3187 ait,
298 3114 474 3214 Suteupiitn,
488 3116 537 3175 eui
552 3114 760 3198 dteupiumurti
778 3112 925 3188 ἐνπνῖνὲεν,
938 3113 1005 3175 ider
1028 3103 1113 3187 ivus,
1135 3109 1205 3174 ord-

228 3210 283 3257 λνν·
302 3197 349 3278 γᾶ
363 3218 416 3275 μεν
432 3197 461 3259 ἐς
479 3194 557 3278 γᾶν,
576 3194 694 3277 πνεῦμα
710 3195 745 3257 <li
760 3190 826 3259 ἐίνω.
837 3196 872 3256 τί
884 3192 1148 3345 reieffiemdu
1168 3190 1203 3253 ld
1270 3259 1276 3269 ¹

229 3293 311 3358 ergo,
324 3278 464 3339 concludit
496 3278 612 3359 eleganti
629 3278 813 3357 metaphora,
835 3277 924 3341 sumta
1014 3276 1202 3337 neratoribus:

229 3354 368 3431 Terram,
390 3378 453 3437 quae
474 3358 579 3419 dederit
606 3378 728 3440 corpus,
745 3359 844 3419 iterum
868 3358 932 3417 illud
948 3360 1094 3437 recipere,
1111 3376 1204 3437 neque

231 3439 307 3515 pati,
321 3454 351 3499 ut
375 3440 462 3499 ullum
486 3436 677 3519 disp'endium,
698 3453 745 3497 aut
769 3438 1000 3499 intertrimentum
1020 3437 1117 3498 crediti
1131 3436 1204 3511 fiat,

251 3538 290 3576 uo
314 3521 403 3581 minus
424 3521 502 3601 quod
519 3518 652 3594 credidit,
671 3518 700 3577 id
725 3518 815 3600 ipsum
841 3516 960 3600 recipiat.
990 3516 1113 3599 Usurpat
1136 3537 1205 3598 ergo

265 3617 327 3661 arro
349 3620 408 3661 non
426 3600 554 3673 versum,
580 3600 688 3661 servata
710 3601 789 3661 metri
812 3598 893 3682 lege,
915 3598 964 3672 sed
982 3600 1072 3662 verba
1088 3613 1207 3660 tantum.

233 3675 310 3738 Nam
325 3680 419 3741 versus
435 3680 500 3762 *ipse
516 3683 615 3743 citatur
633 3680 669 3741 ab
689 3700 747 3754 eo,
765 3678 839 3742 libro
858 3680 892 3743 8:
1047 3692 1051 3696 '

214 3768 219 3772 ’
275 3772 344 3849 Qua
363 3774 434 3831 dedit
452 3774 520 3850 illa,
532 3773 625 3857 capit,
650 3796 728 3855 neque
747 3774 880 3856 dispendii
888 3773 963 3854 sarit
987 3774 1080 3835 litun.

232 3850 332 3931 Quare
352 3852 419 3913 nihil
437 3854 600 3915 mutandum
615 3856 643 3916 in
657 3855 712 3915 ltoc
730 3855 815 3917 loco:
831 3856 889 3915 lroc
906 3874 963 3915 uno
983 3870 1117 3935 excepto,
1127 3852 1204 3935 quod

175 3965 178 3973 ·
221 3952 286 4017 'pto
305 3956 339 4015 pe
357 3934 425 4007 erit,
445 3934 594 4015 legendum
619 3934 674 3995 elle
691 3938 808 4010 dederit,
828 3936 924 3997 versem
948 3935 993 3996 ille
1012 3936 1071 4011 jam
1090 3936 1206 3995 anobis

234 4014 324 4095 produ
410 4015 503 4079 dotet.
524 4014 567 4079 Ex
591 4018 691 4098 quibus
719 4017 818 4092 vides,
841 4038 928 4100 quam
949 4016 1062 4081 ridicule
1082 4016 1120 4079 illi
1144 4017 1204 4079 duo
1301 4059 1327 4079 r.
