3209 4967
375 569 449 635 244
713 537 1010 611 NOTAE

372 703 453 766 Idem
473 702 592 764 Ennius:

415 785 473 865 Qui
491 784 592 844 clamas
612 799 796 864 oppugnantes
815 803 912 864 vagore
932 782 1046 846 volanti.

372 860 438 926 Ubi
457 885 547 946 vagor
567 865 683 938 volans,
709 885 740 924 ut
763 866 809 924 hic
832 866 930 926 volitat
947 884 1044 946 vagor.
1062 861 1198 928 SCALIG.

422 947 468 1005 lin.
493 966 529 1028 ος
549 945 588 1026 sq.
606 949 646 1005 Er
665 971 683 1004 a
697 944 833 1023 fundite,
857 948 959 1006 Frunde
978 946 1083 1023 frutimi
1106 947 1260 1026 fiturum]
1281 945 1342 1007 Lo·

320 1076 322 1078 .
374 1048 423 1086 cus
432 1027 590 1087 mendosus.
602 1029 792 1088 AUGUSTltl.
803 1027 894 1109 Vulg.
906 1027 1130 1108 ssfheraftendice
1137 1029 1234 1106 stunde
1244 1027 1342 1105 potitii

368 1109 497 1192 firaviten
508 1107 577 1168 Haec
588 1105 628 1167 est
641 1106 720 1168 leuto
735 1124 862 1168 veterum
874 1108 1045 1168 excusorum.
1055 1104 1207 1168 Enstabunt
1216 1109 1340 1188 quidam,

374 1207 506 1269 utputo,
526 1191 590 1269 qui,
604 1189 682 1269 quod
703 1211 760 1249 ram
780 1189 925 1270 deploratis
945 1189 1105 1250 vulneribus
1122 1210 1220 1249 manus
1244 1188 1342 1248 admo·

373 1291 475 1346 veam,
485 1271 664 1330 mirabuntur.
682 1267 739 1330 Sed
755 1269 785 1330 &
800 1291 858 1330 non
873 1270 989 1332 deerunt
1001 1274 1093 1343 eriam,
1111 1271 1159 1351 qui
1177 1272 1205 1330 in
1221 1272 1341 1330 minimis

370 1373 420 1411 me
443 1353 629 1425 commorari,
669 1353 780 1412 rariora
801 1353 937 1430 praeterite
953 1368 1175 1432 conquerentur,
1188 1350 1235 1410 vel
1249 1353 1342 1430 potius

372 1431 629 1492 calumniabuntur:
644 1370 743 1510 &aare
762 1432 882 1512 utrisque
899 1431 1053 1493 satisfacere
1097 1432 1240 1503 ollamus,
1254 1431 1275 1491 st
1289 1451 1342 1492 nec

371 1533 406 1571 ea
426 1514 685 1593 praetermittamus,
709 1516 740 1575 &
761 1513 862 1593 aliquid
878 1512 1023 1574 verisimile
1043 1453 1199 1575 alihamus.
1223 1512 1342 1574 Videtur

370 1593 453 1673 igitur
476 1596 542 1652 mihi
560 1593 620 1654 lraec
638 1595 717 1654 lertio
736 1615 772 1654 ert
792 1595 834 1654 his
852 1593 975 1676 vestigiis
993 1596 1052 1654 erui
1074 1595 1173 1674 polle:

413 1674 541 1756 Ejusdem
562 1677 597 1732 ab
618 1676 739 1736 hundini
752 1710 786 1722 -
798 1673 919 1757 nefrende
931 1674 1045 1756 fritinni
1065 1678 1201 1737 Suaviter.
1221 1707 1256 1722 -

369 1749 456 1815 Nunc
474 1756 632 1816 reddunda*
655 1757 714 1817 sunt
736 1756 831 1816 causae.
857 1757 903 1816 Ab
921 1757 1049 1818 irundine.
1069 1757 1112 1818 lta
1130 1757 1282 1817 eruendum
1306 1775 1340 1816 ex

369 1835 430 1900 illo.
439 1857 567 1918 corrupto
578 1839 705 1917 frendice.
723 1839 790 1898 Non
807 1838 922 1898 dubium
936 1835 992 1912 est,
1016 1841 1051 1902 ita
1070 1827 1235 1919 legendum,
1251 1839 1341 1896 matti-

369 1939 417 1978 me
442 1937 557 1998 propter
582 1920 702 1979 verbum
735 1919 887 1991 srhinnire,
915 1920 990 2000 quod
1019 1917 1058 1980 est
1089 1919 1283 1990 hirundinum,
1306 1921 1340 1976 rb

371 1997 544 2078 ψιθυρίξοον,
563 2018 595 2058 ut
606 2000 677 2059 infra
693 2003 841 2080 aperietur.
859 1999 914 2060 Hic
932 2001 1011 2060 locus
1031 1997 1169 2080 postulat,
1183 2015 1214 2059 ut
1232 2018 1341 2060 enarre-

370 2101 434 2139 mus
458 2081 550 2139 locum
571 2079 726 2140 Aristotelis
744 2085 776 2140 in
794 2079 914 2142 Poeticis
932 2103 948 2140 a
968 2082 1042 2140 nullo
1068 2080 1198 2142 halienus
1219 2080 1340 2159 explica·

369 2178 439 2220 rum.
452 2161 551 2220 Verba
569 2161 636 2220 illius
654 2163 749 2242 magni
769 2161 891 2244 magistri
908 2161 968 2222 sunt
982 2159 1150 2241 haecz'liitir
1165 2161 1198 2224 du
1216 2157 1274 2221 ἔνιοι
1291 2161 1339 2220 καὶ

340 2260 344 2264 ‘
368 2237 504 2322 ἐνεγκεῖν·
517 2241 567 2301 καὶ
582 2241 608 2302 ἐν
619 2241 661 2317 τῷ
676 2241 847 2319 Σοφοκλέους
861 2237 970 2323 Tnpaiti
987 2240 1117 2324 uepuidor
1133 2237 1220 2320 pavi.
1236 2242 1268 2302 ln
1283 2240 1340 2302 Te·

297 2322 300 2330 '
368 2338 423 2399 reo,
435 2344 494 2382 non
512 2324 625 2382 dubium
643 2322 698 2398 est,
717 2326 785 2405 quin
798 2341 924 2404 ageretur
938 2323 1160 2406 peraplppootr
1175 2322 1295 2383 Procnes
1309 2323 1340 2380 in

368 2403 555 2463 hirundinem.
587 2403 748 2483 Quareuad
766 2401 928 2466 imitandam
949 2427 1053 2466 vocem
1079 2405 1250 2477 hirundinis,
1271 2405 1339 2464 dum

368 2505 403 2544 ea
416 2484 637 2568 μετομόρφοοοος
654 2503 795 2568 ageretur,
813 2485 993 2546 adhibuerunt
1007 2486 1058 2550 rin
1075 2484 1210 2568 stupida,
1230 2484 1340 2546 radium
1395 2551 1398 2556 ¹

367 2569 531 2640 tentorium,
553 2586 615 2646 quae
631 2567 669 2626 ob
690 2568 719 2626 id
739 2566 812 2626 diua
830 2565 970 2649 eliotropia
991 2571 1024 2628 ‘rb
1041 2566 1154 2649 κρέων.
1178 2566 1290 2640 ldcirco.
1309 2567 1339 2628 in
1356 2597 1360 2608 ¹

278 2716 281 2729 1
367 2644 586 2728 Epigrammatis
602 2645 708 2710 Graec'ts
729 2647 869 2710 scribitur:
1025 2705 1029 2716 ,

410 2727 547 2806 Karpidaer
567 2729 760 2809 bpbpona'tnorot
782 2727 941 2809 xentdlctv
961 2727 1165 2806 rinenoptivour.
1216 2793 1225 2801 ,

368 2808 395 2868 Α
440 2824 509 2884 aret,
520 2827 601 2868 aetate
617 2808 766 2889 Sophoclis
781 2810 945 2891 hydraulica
961 2831 1064 2892 organa
1081 2831 1137 2871 non
1154 2807 1241 2870 tuille.
1260 2806 1338 2870 Nam

368 2829 464 2968 polles
481 2888 519 2948 ust
531 2890 591 2949 sunt
608 2893 709 2970 antiqui
726 2891 895 2971 hydraulicis
912 2892 948 2950 ad
960 2891 1120 2952 imitandam
1133 2892 1337 2952 minuririonem

367 2970 552 3031 avicularum:
574 2991 634 3052 quae
652 2971 800 3032 Vitruvius
825 2991 909 3034 vocat
925 2973 1127 3054 Engibara,&
1150 2971 1290 3043 Merulas‚
1313 2969 1336 3030 st

365 3050 447 3110 ladio
464 3053 567 3112 mendo
585 3073 642 3112 non
661 3074 745 3115 caret.
760 3050 833 3113 Sane
852 3053 963 3114 videtur
982 3055 1074 3114 Atrius
1088 3052 1198 3113 venilia
1213 3050 1335 3112 Tereum

365 3130 522 3212 Sophoclis.
538 3131 581 3193 Ex
598 3155 631 3193 ea
649 3133 742 3194 fabula
761 3134 832 3193 Attii
844 3133 956 3196 Nonius
972 3135 1070 3195 recitat
1082 3133 1269 3210 uersiculum,
1287 3130 1335 3212 qui

365 3213 402 3271 ad
420 3214 490 3272 hanc
510 3235 568 3274 rem
583 3214 674 3275 facere
692 3215 815 3276 videtur:

406 3294 557 3430 fifiravem
576 3294 673 3376 lingua
685 3296 822 3376 fhnirrtm,
835 3316 851 3354 ο
857 3294 984 3376 suauitas
1004 3293 1171 3376 conspirirum

437 3395 523 3434 mmae.

366 3453 429 3513 Ubi
449 3454 616 3535 conspirirum
638 3455 785 3521 manifesto
806 3478 841 3519 ex
864 3455 1005 3520 nisolta
1027 3453 1147 3518 versum.
1171 3451 1220 3515 Ell
1243 3467 1335 3514 autem

303 3546 306 3552 ⁴
364 3535 526 3596 admirantis
537 3557 640 3596 vocem
658 3537 824 3612 hirundinis,
838 3554 883 3598 aut
902 3537 1108 3619 lusciniae,quae
1128 3538 1156 3595 in
1173 3556 1208 3596 eo
1225 3534 1335 3595 drama-

365 3635 396 3677 te
412 3615 644 3680 introducebatur.
662 3651 697 3664 --
710 3620 851 3699 Nesrertde.
868 3614 1017 3682 Nefr'endis
1031 3620 1062 3680 ὃ(
1079 3616 1229 3678 nefrendus
1246 3637 1335 3695 puer,

365 3698 526 3774 velletren,
542 3695 555 3758 ὅ
569 3697 672 3770 rodis,
690 3701 737 3777 qui
753 3700 879 3761 dentibus
894 3699 1017 3760 frendere
1031 3720 1088 3760 non
1105 3697 1213 3778 potest,
1232 3698 1260 3756 id
1283 3696 1334 3772 est,

364 3775 500 3861 frangere.
516 3777 656 3841 Frendere
675 3780 732 3840 duo
750 3779 903 3862 significat,
919 3784 954 3840 ‘rb
968 3779 1094 3864 ἔμπρίεον
1109 3779 1176 3842 τοὺς
1193 3776 1334 3852 ldlvm,

365 3862 399 3920 ‘rb
416 3861 569 3943 ἐμβρύων.
584 3860 719 3923 Pacuvius
738 3862 880 3942 Antiopa:

547 3977 669 3992 --
682 3944 786 4024 perdita
806 3943 900 4003 illuvie
919 3960 997 4024 arque
1014 3941 1145 4024 insomnia

384 4030 386 4034 ’
407 4023 531 4086 Fundere
550 4029 634 4086 nobles
654 4027 765 4107 misera,
785 4046 857 4106 quas,
871 4023 984 4108 perpeffa
998 4019 1084 4106 fient.¹
