3209 4967
408 538 473 607 126
659 532 1032 652 'NloTAE

401 720 438 757 cx
451 695 524 758 dolio
541 696 652 754 demitur
660 694 789 774 fiacrificii
806 694 902 774 caufiz,
918 713 1054 775 antequam
1073 695 1191 775 grrslerur.
1211 696 1275 757 Iovi
1294 699 1362 758 enim

398 781 474 861 prius
493 782 545 857 sira
566 778 630 837 vina
651 777 785 850 libabam,
800 760 855 857 qriae
871 779 1000 837 vocabant
1025 777 1146 836 Vinalia.
1169 776 1239 835 Haec
1258 779 1309 839 ille.
1328 779 1361 839 Id

401 877 494 919 autem
508 856 611 930 siebat,
629 879 663 917 ne
677 858 828 937 reliquum,
847 858 923 939 quod
938 861 964 915 in
981 858 1121 937 apothecis
1134 858 1195 933 illis,
1212 860 1283 919 unde
1302 862 1363 921 Cal·

238 942 256 963 ’·
320 970 327 990 =
400 962 451 1021 ρον
461 957 650 1019 promeretur,
669 940 956 1013 remaneret‚sacrum
970 938 1022 999 elle
1039 941 1186 1017 inciperet,
1200 940 1231 1003 δι
1246 944 1362 1001 omnino

401 1044 436 1082 ex
461 1020 552 1081 usibus
576 1024 719 1100 eriperetur
738 1020 880 1094 humanis,
904 1021 949 1081 sed
971 1020 1073 1102 calpari
1097 1020 1205 1095 libato,
1230 1024 1362 1103 religione
1449 1048 1453 1059 ¹

401 1102 562 1163 solveretur.
584 1101 679 1182 Iraque
699 1122 764 1161 curn
787 1105 879 1183 culpat
901 1102 1039 1175 libabant,
1060 1100 1182 1181 inferiunt
1202 1104 1362 1178 vocabant,

404 1182 480 1264 qnod
506 1182 593 1253 solum
614 1183 772 1256 inferretur,
792 1184 833 1243 his
858 1185 964 1245 verbis:
993 1187 1082 1243 Mare
1104 1186 1165 1244 loce
1186 1184 1251 1244 vino
1268 1184 1363 1261 inferio

373 1281 374 1286 ’
402 1268 461 1342 ello.
483 1263 726 1344 Apud'Caronem
745 1266 821 1325 male
840 1266 936 1346 legitur
955 1268 1018 1323 vino
1042 1264 1181 1343 inftriore:
1200 1264 1307 1325 tametsi
1323 1267 1363 1327 ibi

401 1366 458 1407 non
477 1350 566 1425 agitur
589 1345 625 1405 de
644 1346 763 1425 Calpari.
787 1345 822 1406 Et
842 1347 897 1407 hoc
922 1348 1055 1427 praecipue
1076 1346 1215 1405 dicebatur
1236 1347 1272 1406 de
1294 1349 1365 1408 vino

402 1426 502 1486 diffuso
520 1428 552 1487 ἃ
564 1426 670 1487 doliari.
687 1426 762 1486 Nam
777 1428 878 1507 alioqui
897 1428 932 1488 de
950 1428 1048 1487 eodem
1061 1425 1152 1485 musto
1166 1426 1300 1488 libabant:
1316 1428 1364 1489 sed

403 1508 432 1567 id
458 1507 578 1567 Sacrinra
596 1510 775 1582 vocabatur,
800 1508 982 1589 posteaquam
1006 1508 1175 1589 polluxerant
1196 1528 1242 1567 eas
1271 1508 1366 1570 conse·

402 1588 597 1668 diones‚quae
611 1590 753 1649 vocabant
771 1589 941 1673 Suffimenta‚
960 1610 994 1649 ex
1011 1586 1091 1659 saba,
1108 1588 1241 1669 milioque
1254 1589 1364 1663 molito,

401 1670 489 1729 mulso
503 1668 611 1750 sparso:
626 1690 688 1751 quae
706 1669 816 1731 Diiseo
829 1691 952 1751 tempore
968 1669 1114 1743 dabantur,
1131 1690 1187 1749 quo
1201 1672 1365 1731 uvaecalca-

298 1771 300 1774 ’
401 1770 436 1812 tae
455 1751 532 1831 prelo
554 1752 756 1829 premebantur.
784 1751 855 1833 Quo
878 1750 965 1812 modo
980 1752 1053 1811 &in
1071 1750 1212 1811 frumentis
1235 1772 1364 1831 quoque,

401 1834 477 1914 quod
495 1831 619 1893 sacrificii
637 1833 717 1893 causa
732 1850 795 1893 ante
814 1832 1041 1914 praemetebarur,
1064 1831 1217 1908 Premeffum
1241 1834 1364 1912 appella·

400 1915 487 1990 bant,
496 1914 641 1997 (Lacones
652 1914 831 1995 τρολσρίοιο)
849 1914 924 1995 quod
938 1934 1008 1975 vero
1024 1912 1119 1974 Cereri
1134 1911 1285 1973 offerebant
1301 1912 1364 1993 post

400 1996 515 2057 meslem
534 1994 653 2069 fabiam,
675 1996 852 2074 Floriferrum.
874 1995 973 2074 Quare
993 2016 1027 2053 ex
1046 1993 1110 2065 illis,
1130 2014 1192 2072 quae
1217 1997 1364 2055 annotavi-

401 2098 481 2150 mus,
500 2095 579 2155 potes
604 2075 770 2155 cognoscere
798 2076 907 2135 causam
930 2069 1120 2157 superstitionis
1138 2076 1223 2149 iilius,
1245 2096 1292 2134 cur
1313 2078 1364 2135 vi-

400 2179 468 2217 num
483 2177 590 2217 novum
613 2175 725 2236 tangere
745 2156 821 2216 nefas
839 2156 918 2227 esser,
941 2160 1090 2237 antequam
1112 2155 1222 2217 Vinalia
1243 2156 1364 2217 calanen

401 2256 454 2298 rur.
478 2238 596 2299 Athenis
621 2258 709 2311 vero,
730 2236 863 2317 quamdiu
885 2237 1005 2303 ferveret
1035 2236 1171 2309 mustum,
1194 2238 1285 2319 religio
1306 2254 1364 2299 erat

401 2338 521 2401 tangere.
538 2318 696 2377 Plutarchus
710 2315 956 2399 Symposiacorum
974 2318 1045 2377 libro
1062 2317 1099 2378 8:
1118 2318 1254 2379 Γλεύκους
1267 2318 1302 2379 Pi
1320 2318 1364 2398 ζέ-

306 2455 308 2459 ,
401 2423 479 2462 οντος
491 2399 536 2461 ἀεὶ
549 2400 741 2481 &pauperibus
751 2400 800 2458 rai
813 2398 880 2460 τοὺς
891 2398 1022 2481 ἐργάτας
1039 2396 1177 2461 Palairos
1191 2398 1299 2479 ipsium
1315 2402 1364 2461 Ad

400 2503 486 2562 quam
502 2502 568 2543 rem·
578 2480 716 2541 habebant
730 2480 807 2539 suum
818 2480 1039 2555 serlumwinaie,
1058 2482 1133 2562 quod
1146 2480 1196 2560 ipsi
1210 2476 1364 2563 nederusen

399 2563 549 2625 vocabant.
563 2561 721 2623 Plutarchus
737 2561 981 2643 Symposiacorum
1001 2563 1071 2622 libro
1086 2582 1119 2642 3:
1141 2560 1193 2623 Τοῦ
1208 2562 1267 2624 νέου
1291 2563 1362 2625 οἴνου

400 2640 529 2721 'Auitum
549 2643 601 2722 μὲν
624 2641 764 2719 ἑνέεκάτρ
789 2648 874 2722 urvis
895 2644 1122 2725 κατάρχονται,
1142 2642 1292 2725 τιδοοχίον
1312 2644 1364 2706 rin

401 2724 504 2807 ἦμέροῑν
522 2724 685 2787 καλοῦντες·
705 2726 756 2786 καὶ
776 2725 872 2785 τάλαι
893 2748 951 2807 pe,
973 2722 1009 2787 cir
1028 2724 1126 2796 ἔοικεν,
1148 2724 1271 2805 εὔχοντο
1281 2770 1292 2797 ,
1311 2723 1364 2786 τοῦ

401 2813 470 2867 or'vov
500 2808 565 2887 πρὶν
588 2810 603 2869 ii
629 2808 718 2869 niven
742 2807 994 2884 inornivlorrer,
1015 2804 1135 2878 ἀβλοβιῖ
1155 2808 1204 2867 καὶ
1235 2800 1364 2890 corripior

401 2882 502 2951 adroic
517 2886 570 2948 τοῦ
583 2888 739 2969 φαρμάκου
756 2889 808 2952 τὴν
823 2912 850 2971 χ
854 2888 926 2969 piru
945 2890 1096 2971 γενέσθαι.
1113 2888 1247 2950 Senum.

771 3064 893 3161 Pagina
931 3065 983 3156 56.
1079 3059 1086 3080 ²

443 3203 490 3296 lin:
499 3202 528 3265 6.
546 3204 656 3263 Flamen
669 3208 774 3286 prorsus
788 3206 879 3281 vinum
895 3204 983 3285 legin]
996 3202 1129 3285 Apparet,
1141 3221 1250 3261 rnorem
1265 3200 1362 3280 foisse,

404 3300 435 3345 ‘³‘
446 3283 785 3427 il⁰3s¹²flsslm²llll
799 3282 1301 3445 ‘llltllllllit‘eiilliza
1316 3386 1361 3425 n.

400 3447 491 3526 bem]
516 3446 664 3509 Manifesio
680 3450 822 3530 secundum
845 3448 953 3506 Tiberim
979 3448 1047 3505 dixit
1069 3467 1121 3527 pro
1148 3448 1218 3506 ultra
1244 3448 1363 3508 Tiberim.

400 3547 469 3588 nam
486 3527 574 3589 Fortis
595 3531 725 3591 Fortunae
739 3528 872 3607 templum
897 3530 926 3587 in
943 3526 1150 3589 Transtiberina
1169 3530 1280 3609 regione
1300 3527 1363 3589 fuir.

323 3668 329 3674 ,
402 3605 448 3669 Sic
467 3603 606 3690 superiore
623 3612 711 3682 libro,
731 3612 877 3669 Secundum
895 3610 1002 3668 Tiberini
1022 3614 1059 3668 ad
1076 3611 1202 3679 eriurn,
1217 3609 1305 3688 fhrunr
1316 3610 1363 3687 pi-

397 3691 533 3773 scorium,
551 3712 607 3753 non
625 3691 745 3771 intelligit
763 3690 798 3748 de
817 3690 862 3749 illo
881 3689 944 3749 soro
959 3690 1091 3771 piscario,
1109 3692 1186 3771 quod
1200 3692 1229 3749 in
1248 3692 1362 3771 regione

344 3843 345 3849 ρ
402 3771 455 3833 sori
470 3771 591 3834 Romani
611 3775 687 3851 ponit
705 3772 735 3831 P.
752 3771 868 3831 Victor:
884 3772 929 3831 sed
947 3772 1057 3833 viderur
1069 3774 1099 3833 bt
1114 3773 1188 3832 aliud
1202 3771 1292 3831 sorum
1313 3772 1362 3849 pi-

401 3854 519 3914 scarium
534 3872 607 3913 trans
621 3851 748 3911 Tiberim
762 3850 855 3926 fuisse,
870 3854 917 3915 ubi
936 3855 1068 3939 piscatorii
1082 3854 1136 3913 ludi
1156 3856 1300 3935 quotannis
1315 3852 1364 3911 sie·

402 3935 469 3994 bant
481 3933 573 3996 mense
592 3932 674 4006 Junio
688 3934 831 3993 aPraetore
849 3936 968 4007 urbano,
993 3957 1044 4017 pro
1061 3935 1237 4017 piscatoribus
1250 3933 1362 3993 Tiberi-

402 4017 443 4078 nis
453 4041 459 4076 :
470 4034 504 4079 ut·
513 4035 658 4097 perperam
677 4014 766 4083 uideri
779 4013 864 4101 poffit
878 4016 1039 4089 Vertranius
1055 4017 1145 4101 legisse
1159 4018 1197 4077 ad
1208 4018 1361 4091 Junm'm,
