<?xml version="1.0" encoding="UTF-8"?>
<!DOCTYPE html PUBLIC "-//W3C//DTD XHTML 1.0 Transitional//EN"
    "http://www.w3.org/TR/xhtml1/DTD/xhtml1-transitional.dtd">
<html xmlns="http://www.w3.org/1999/xhtml" xml:lang="en" lang="en">
 <head>
  <title>
</title>
<meta http-equiv="Content-Type" content="text/html;charset=utf-8" />
  <meta name='ocr-system' content='tesseract 3.04.00' />
  <meta name='ocr-capabilities' content='ocr_page ocr_carea ocr_par ocr_line ocrx_word'/>
</head>
<body>
  <div class='ocr_page' id='page_1' title='image "./mtervarronisdel00turngoog_0036.png"; bbox 0 0 3209 4967; ppageno 0'>
   <div class='ocr_carea' id='block_1_1' title="bbox 110 4110 114 4203">
    <p class='ocr_par' dir='ltr' id='par_1_1' title="bbox 110 4110 114 4203">
     <span class='ocr_line' id='line_1_1' title="bbox 110 4110 113 4157; baseline 0 0"><span class='ocrx_word' id='word_1_1' title='bbox 110 4110 113 4157; x_wconf 84' lang='lat' dir='ltr'>l</span> 
     </span>
     <span class='ocr_line' id='line_1_2' title="bbox 111 4162 114 4203; baseline 0 0"><span class='ocrx_word' id='word_1_2' title='bbox 111 4162 114 4203; x_wconf 85' lang='lat' dir='ltr'>l</span> 
     </span>
    </p>
   </div>
   <div class='ocr_carea' id='block_1_2' title="bbox 112 4220 115 4301">
    <p class='ocr_par' dir='ltr' id='par_1_2' title="bbox 112 4220 115 4301">
     <span class='ocr_line' id='line_1_3' title="bbox 112 4220 115 4265; baseline 0 0"><span class='ocrx_word' id='word_1_3' title='bbox 112 4220 115 4265; x_wconf 80' lang='lat' dir='ltr'>i</span> 
     </span>
     <span class='ocr_line' id='line_1_4' title="bbox 113 4266 115 4301; baseline 0 0"><span class='ocrx_word' id='word_1_4' title='bbox 113 4266 115 4301; x_wconf 82' lang='grc' dir='ltr'>ι</span> 
     </span>
    </p>
   </div>
   <div class='ocr_carea' id='block_1_3' title="bbox 379 459 1177 664">
    <p class='ocr_par' dir='ltr' id='par_1_3' title="bbox 379 459 1177 664">
     <span class='ocr_line' id='line_1_5' title="bbox 379 459 1177 664; baseline -0.006 -44"><span class='ocrx_word' id='word_1_5' title='bbox 379 459 931 664; x_wconf 39' lang='lat' dir='ltr'>tuttnnuutitvr</span> <span class='ocrx_word' id='word_1_6' title='bbox 1016 630 1026 650; x_wconf 72' lang='lat'>.</span> <span class='ocrx_word' id='word_1_7' title='bbox 1124 556 1177 642; x_wconf 74' lang='lat'>33·</span> 
     </span>
    </p>
   </div>
   <div class='ocr_carea' id='block_1_4' title="bbox 982 675 1096 709">
    <p class='ocr_par' dir='ltr' id='par_1_4' title="bbox 982 675 1096 709">
     <span class='ocr_line' id='line_1_6' title="bbox 982 675 1096 709; baseline 0.035 -4"><span class='ocrx_word' id='word_1_8' title='bbox 982 675 1096 709; x_wconf 50' lang='lat' dir='ltr'>mi*</span> 
     </span>
    </p>
   </div>
   <div class='ocr_carea' id='block_1_5' title="bbox 242 701 866 783">
    <p class='ocr_par' dir='ltr' id='par_1_5' title="bbox 242 701 866 783">
     <span class='ocr_line' id='line_1_7' title="bbox 242 701 866 783; baseline 0 -20"><span class='ocrx_word' id='word_1_9' title='bbox 242 702 343 779; x_wconf 73' lang='lat' dir='ltr'>Venit,</span> <span class='ocrx_word' id='word_1_10' title='bbox 361 702 501 783; x_wconf 83' lang='lat' dir='ltr'>Apoliueri</span> <span class='ocrx_word' id='word_1_11' title='bbox 521 701 644 764; x_wconf 76' lang='lat' dir='ltr'>voveatis</span> <span class='ocrx_word' id='word_1_12' title='bbox 660 701 750 782; x_wconf 77' lang='lat' dir='ltr'>censeo</span> <span class='ocrx_word' id='word_1_13' title='bbox 768 701 846 763; x_wconf 78' lang='lat' dir='ltr'>ludos</span> <span class='ocrx_word' id='word_1_14' title='bbox 855 749 866 777; x_wconf 92' lang='lat'>,</span> 
     </span>
    </p>
   </div>
   <div class='ocr_carea' id='block_1_6' title="bbox 156 782 910 1003">
    <p class='ocr_par' dir='ltr' id='par_1_6' title="bbox 156 782 910 1003">
     <span class='ocr_line' id='line_1_8' title="bbox 244 782 910 867; baseline 0.006 -24"><span class='ocrx_word' id='word_1_15' title='bbox 244 786 346 865; x_wconf 82' lang='lat' dir='ltr'>Quiqui</span> <span class='ocrx_word' id='word_1_16' title='bbox 364 782 504 867; x_wconf 84' lang='lat' dir='ltr'>Apolineri</span> <span class='ocrx_word' id='word_1_17' title='bbox 517 785 590 861; x_wconf 75' lang='lat' dir='ltr'>fiant</span> <span class='ocrx_word' id='word_1_18' title='bbox 608 804 740 843; x_wconf 84' lang='lat' dir='ltr'>commuue</span> <span class='ocrx_word' id='word_1_19' title='bbox 752 782 910 865; x_wconf 59' lang='lat' dir='ltr'>quotannis}</span> 
     </span>
     <span class='ocr_line' id='line_1_9' title="bbox 156 863 898 1003; baseline 0 -78"><span class='ocrx_word' id='word_1_20' title='bbox 156 899 158 909; x_wconf 46' lang='grc' dir='ltr'>ν</span> <span class='ocrx_word' id='word_1_21' title='bbox 243 868 343 925; x_wconf 68' lang='lat' dir='ltr'>Praetor</span> <span class='ocrx_word' id='word_1_22' title='bbox 355 866 414 924; x_wconf 85' lang='lat' dir='ltr'>ibus</span> <span class='ocrx_word' id='word_1_23' title='bbox 436 864 664 1003; x_wconf 59' lang='lat' dir='ltr'>ludisfaciuudis</span> <span class='ocrx_word' id='word_1_24' title='bbox 680 863 748 923; x_wconf 87' lang='lat' dir='ltr'>ollu’</span> <span class='ocrx_word' id='word_1_25' title='bbox 775 868 898 947; x_wconf 71' lang='lat' dir='ltr'>praesto,</span> 
     </span>
    </p>
   </div>
   <div class='ocr_carea' id='block_1_7' title="bbox 205 938 1174 1811">
    <p class='ocr_par' dir='ltr' id='par_1_7' title="bbox 235 938 1051 1433">
     <span class='ocr_line' id='line_1_10' title="bbox 244 938 1029 1084; baseline 0.005 -79"><span class='ocrx_word' id='word_1_26' title='bbox 244 946 301 1025; x_wconf 83' lang='lat' dir='ltr'>Qui</span> <span class='ocrx_word' id='word_1_27' title='bbox 307 949 439 1084; x_wconf 65' lang='lat' dir='ltr'>firminum</span> <span class='ocrx_word' id='word_1_28' title='bbox 456 967 511 1029; x_wconf 86' lang='lat' dir='ltr'>pop</span> <span class='ocrx_word' id='word_1_29' title='bbox 522 968 538 1005; x_wconf 91' lang='lat' dir='ltr'>o</span> <span class='ocrx_word' id='word_1_30' title='bbox 551 945 683 1027; x_wconf 84' lang='lat' dir='ltr'>plebeique</span> <span class='ocrx_word' id='word_1_31' title='bbox 707 946 774 1003; x_wconf 81' lang='lat' dir='ltr'>endo</span> <span class='ocrx_word' id='word_1_32' title='bbox 796 948 867 1007; x_wconf 84' lang='lat' dir='ltr'><em>Urbe</em></span> <span class='ocrx_word' id='word_1_33' title='bbox 884 938 960 1007; x_wconf 74' lang='lat' dir='ltr'>dabir</span> <span class='ocrx_word' id='word_1_34' title='bbox 970 944 1029 1029; x_wconf 74' lang='lat' dir='ltr'>jun</span> 
     </span>
     <span class='ocr_line' id='line_1_11' title="bbox 244 1027 930 1108; baseline 0 -21"><span class='ocrx_word' id='word_1_35' title='bbox 244 1028 305 1108; x_wconf 87' lang='lat' dir='ltr'>Pop</span> <span class='ocrx_word' id='word_1_36' title='bbox 318 1048 347 1084; x_wconf 87' lang='lat' dir='ltr'>os</span> <span class='ocrx_word' id='word_1_37' title='bbox 359 1028 502 1106; x_wconf 81' lang='lat' dir='ltr'>publicitus</span> <span class='ocrx_word' id='word_1_38' title='bbox 523 1048 579 1087; x_wconf 86' lang='lat' dir='ltr'>cum</span> <span class='ocrx_word' id='word_1_39' title='bbox 595 1027 690 1087; x_wconf 86' lang='lat' dir='ltr'>diderit</span> <span class='ocrx_word' id='word_1_40' title='bbox 706 1031 719 1083; x_wconf 81' lang='grc' dir='ltr'><strong><em>ἑ</em></strong></span> <span class='ocrx_word' id='word_1_41' title='bbox 730 1027 797 1107; x_wconf 78' lang='lat' dir='ltr'>stipe</span> <span class='ocrx_word' id='word_1_42' title='bbox 831 1047 930 1104; x_wconf 83' lang='lat' dir='ltr'>artem,</span> 
     </span>
     <span class='ocr_line' id='line_1_12' title="bbox 235 1047 1051 1189; baseline -0.004 -19"><span class='ocrx_word' id='word_1_43' title='bbox 235 1106 418 1189; x_wconf 57' lang='lat' dir='ltr'>Confirmant</span> <span class='ocrx_word' id='word_1_44' title='bbox 434 1109 474 1168; x_wconf 86' lang='lat' dir='ltr'>uti</span> <span class='ocrx_word' id='word_1_45' title='bbox 489 1107 616 1187; x_wconf 78' lang='lat' dir='ltr'>priuatim</span> <span class='ocrx_word' id='word_1_46' title='bbox 632 1127 680 1189; x_wconf 81' lang='lat' dir='ltr'>pro</span> <span class='ocrx_word' id='word_1_47' title='bbox 693 1106 772 1187; x_wconf 79' lang='lat' dir='ltr'>seque</span> <span class='ocrx_word' id='word_1_48' title='bbox 789 1047 903 1189; x_wconf 53' lang='lat' dir='ltr'>sstsqiie.</span> <span class='ocrx_word' id='word_1_49' title='bbox 951 1104 956 1114; x_wconf 76' lang='grc'><strong>”</strong></span> <span class='ocrx_word' id='word_1_50' title='bbox 1034 1094 1051 1110; x_wconf 54' lang='lat'><em>⁶</em></span> 
     </span>
     <span class='ocr_line' id='line_1_13' title="bbox 244 1186 1000 1271; baseline 0.001 -22"><span class='ocrx_word' id='word_1_51' title='bbox 244 1190 288 1249; x_wconf 87' lang='lat' dir='ltr'>At</span> <span class='ocrx_word' id='word_1_52' title='bbox 305 1190 345 1248; x_wconf 86' lang='lat' dir='ltr'>bis</span> <span class='ocrx_word' id='word_1_53' title='bbox 363 1190 474 1269; x_wconf 85' lang='lat' dir='ltr'>quinque</span> <span class='ocrx_word' id='word_1_54' title='bbox 494 1189 545 1249; x_wconf 80' lang='lat' dir='ltr'>viri</span> <span class='ocrx_word' id='word_1_55' title='bbox 555 1190 636 1271; x_wconf 79' lang='lat' dir='ltr'>sacra</span> <span class='ocrx_word' id='word_1_56' title='bbox 657 1186 749 1247; x_wconf 82' lang='lat' dir='ltr'>Graeco</span> <span class='ocrx_word' id='word_1_57' title='bbox 764 1190 817 1249; x_wconf 81' lang='lat' dir='ltr'>ritu</span> <span class='ocrx_word' id='word_1_58' title='bbox 834 1190 952 1250; x_wconf 66' lang='lat' dir='ltr'>obeunti.</span> <span class='ocrx_word' id='word_1_59' title='bbox 986 1220 1000 1271; x_wconf 67' lang='lat' dir='ltr'>p</span> 
     </span>
     <span class='ocr_line' id='line_1_14' title="bbox 244 1267 851 1350; baseline 0 -21"><span class='ocrx_word' id='word_1_60' title='bbox 244 1271 315 1329; x_wconf 76' lang='lat' dir='ltr'>Hac</span> <span class='ocrx_word' id='word_1_61' title='bbox 326 1271 354 1349; x_wconf 85' lang='lat' dir='ltr'><em>fi</em></span> <span class='ocrx_word' id='word_1_62' title='bbox 362 1270 468 1349; x_wconf 78' lang='lat' dir='ltr'>fhxitr&#39;s</span> <span class='ocrx_word' id='word_1_63' title='bbox 483 1267 560 1339; x_wconf 70' lang='lat' dir='ltr'>reile,</span> <span class='ocrx_word' id='word_1_64' title='bbox 571 1268 714 1350; x_wconf 70' lang='lat' dir='ltr'>gaudebit?</span> <span class='ocrx_word' id='word_1_65' title='bbox 732 1270 851 1349; x_wconf 69' lang='lat' dir='ltr'>semper,</span> 
     </span>
     <span class='ocr_line' id='line_1_15' title="bbox 246 1348 976 1433; baseline 0 -22"><span class='ocrx_word' id='word_1_66' title='bbox 246 1354 337 1433; x_wconf 83' lang='lat' dir='ltr'>Atque</span> <span class='ocrx_word' id='word_1_67' title='bbox 353 1353 418 1411; x_wconf 87' lang='lat' dir='ltr'>adeo</span> <span class='ocrx_word' id='word_1_68' title='bbox 435 1352 486 1428; x_wconf 76' lang='lat' dir='ltr'>fiet</span> <span class='ocrx_word' id='word_1_69' title='bbox 504 1350 594 1409; x_wconf 85' lang='lat' dir='ltr'>melior</span> <span class='ocrx_word' id='word_1_70' title='bbox 607 1367 646 1410; x_wconf 86' lang='lat' dir='ltr'>res</span> <span class='ocrx_word' id='word_1_71' title='bbox 663 1348 769 1428; x_wconf 76' lang='lat' dir='ltr'>poblite</span> <span class='ocrx_word' id='word_1_72' title='bbox 787 1355 881 1432; x_wconf 79' lang='lat' dir='ltr'>vostra.</span> <span class='ocrx_word' id='word_1_73' title='bbox 968 1398 976 1430; x_wconf 32' lang='grc' dir='ltr'>ι,</span> 
     </span>
    </p>

    <p class='ocr_par' dir='ltr' id='par_1_8' title="bbox 205 1430 1174 1811">
     <span class='ocr_line' id='line_1_16' title="bbox 246 1430 1130 1513; baseline 0.003 -22"><span class='ocrx_word' id='word_1_74' title='bbox 246 1434 323 1491; x_wconf 80' lang='lat' dir='ltr'>Nam</span> <span class='ocrx_word' id='word_1_75' title='bbox 343 1434 367 1493; x_wconf 89' lang='lat' dir='ltr'>is</span> <span class='ocrx_word' id='word_1_76' title='bbox 383 1432 459 1493; x_wconf 85' lang='lat' dir='ltr'>Dius</span> <span class='ocrx_word' id='word_1_77' title='bbox 471 1433 570 1513; x_wconf 70' lang='lat' dir='ltr'>vostros</span> <span class='ocrx_word' id='word_1_78' title='bbox 582 1430 721 1511; x_wconf 76' lang='lat' dir='ltr'><em>perduellis</em></span> <span class='ocrx_word' id='word_1_79' title='bbox 736 1432 848 1511; x_wconf 74' lang='lat' dir='ltr'>[linguei</span> <span class='ocrx_word' id='word_1_80' title='bbox 859 1434 1003 1509; x_wconf 79' lang='lat' dir='ltr'>adunant,</span> <span class='ocrx_word' id='word_1_81' title='bbox 1126 1470 1130 1474; x_wconf 45' lang='lat'>‡</span> 
     </span>
     <span class='ocr_line' id='line_1_17' title="bbox 251 1512 1130 1594; baseline 0.002 -21"><span class='ocrx_word' id='word_1_82' title='bbox 251 1514 309 1593; x_wconf 85' lang='lat' dir='ltr'>Qui</span> <span class='ocrx_word' id='word_1_83' title='bbox 324 1515 421 1594; x_wconf 77' lang='lat' dir='ltr'>vostros</span> <span class='ocrx_word' id='word_1_84' title='bbox 435 1534 540 1594; x_wconf 84' lang='lat' dir='ltr'>campos</span> <span class='ocrx_word' id='word_1_85' title='bbox 546 1512 651 1593; x_wconf 77' lang='lat' dir='ltr'><em>placide</em></span> <span class='ocrx_word' id='word_1_86' title='bbox 662 1532 729 1571; x_wconf 83' lang='lat' dir='ltr'>nune</span> <span class='ocrx_word' id='word_1_87' title='bbox 738 1533 846 1593; x_wconf 79' lang='lat' dir='ltr'>ruraque</span> <span class='ocrx_word' id='word_1_88' title='bbox 856 1515 978 1594; x_wconf 81' lang='lat' dir='ltr'>pascunt.</span> <span class='ocrx_word' id='word_1_89' title='bbox 994 1514 1130 1577; x_wconf 75' lang='lat' dir='ltr'>SanIG.</span> 
     </span>
     <span class='ocr_line' id='line_1_18' title="bbox 205 1590 1174 1679; baseline -0.002 -25"><span class='ocrx_word' id='word_1_90' title='bbox 205 1594 261 1659; x_wconf 87' lang='lat' dir='ltr'>Pro</span> <span class='ocrx_word' id='word_1_91' title='bbox 279 1594 411 1654; x_wconf 83' lang='lat' dir='ltr'>Pilororir</span> <span class='ocrx_word' id='word_1_92' title='bbox 421 1596 448 1653; x_wconf 93' lang='lat' dir='ltr'>in</span> <span class='ocrx_word' id='word_1_93' title='bbox 466 1592 601 1653; x_wconf 88' lang='lat' dir='ltr'>nonnullis</span> <span class='ocrx_word' id='word_1_94' title='bbox 617 1594 691 1653; x_wconf 86' lang='lat' dir='ltr'>libris</span> <span class='ocrx_word' id='word_1_95' title='bbox 706 1590 746 1653; x_wconf 85' lang='lat' dir='ltr'>est</span> <span class='ocrx_word' id='word_1_96' title='bbox 763 1594 830 1654; x_wconf 82' lang='lat' dir='ltr'>Pila</span> <span class='ocrx_word' id='word_1_97' title='bbox 844 1597 927 1656; x_wconf 78' lang='lat' dir='ltr'>naris.</span> <span class='ocrx_word' id='word_1_98' title='bbox 950 1596 999 1655; x_wconf 87' lang='lat' dir='ltr'>An</span> <span class='ocrx_word' id='word_1_99' title='bbox 1014 1616 1081 1679; x_wconf 85' lang='lat' dir='ltr'>ergo</span> <span class='ocrx_word' id='word_1_100' title='bbox 1096 1593 1174 1654; x_wconf 74' lang='lat' dir='ltr'>Pila.</span> 
     </span>
     <span class='ocr_line' id='line_1_19' title="bbox 206 1672 1174 1811; baseline 0.002 -76"><span class='ocrx_word' id='word_1_101' title='bbox 206 1676 308 1735; x_wconf 81' lang='lat' dir='ltr'>miraris</span> <span class='ocrx_word' id='word_1_102' title='bbox 327 1674 403 1735; x_wconf 88' lang='lat' dir='ltr'>Salus</span> <span class='ocrx_word' id='word_1_103' title='bbox 415 1676 611 1757; x_wconf 86' lang='lat' dir='ltr'>cognominata</span> <span class='ocrx_word' id='word_1_104' title='bbox 622 1674 690 1747; x_wconf 89' lang='lat' dir='ltr'>fuit,</span> <span class='ocrx_word' id='word_1_105' title='bbox 702 1672 782 1811; x_wconf 68' lang='lat' dir='ltr'>rpuod</span> <span class='ocrx_word' id='word_1_106' title='bbox 792 1675 904 1754; x_wconf 84' lang='lat' dir='ltr'>pelleret</span> <span class='ocrx_word' id='word_1_107' title='bbox 915 1674 1022 1746; x_wconf 82' lang='lat' dir='ltr'>hostes,</span> <span class='ocrx_word' id='word_1_108' title='bbox 1031 1677 1077 1737; x_wconf 87' lang='lat' dir='ltr'>vel</span> <span class='ocrx_word' id='word_1_109' title='bbox 1096 1676 1174 1756; x_wconf 84' lang='lat' dir='ltr'>quod</span> 
     </span>
    </p>
   </div>
   <div class='ocr_carea' id='block_1_8' title="bbox 117 1753 1290 1920">
    <p class='ocr_par' dir='ltr' id='par_1_9' title="bbox 117 1753 1290 1920">
     <span class='ocr_line' id='line_1_20' title="bbox 207 1753 1290 1841; baseline 0.002 -26"><span class='ocrx_word' id='word_1_110' title='bbox 207 1757 271 1841; x_wconf 87' lang='lat' dir='ltr'>pilis</span> <span class='ocrx_word' id='word_1_111' title='bbox 295 1756 406 1817; x_wconf 88' lang='lat' dir='ltr'>salutem</span> <span class='ocrx_word' id='word_1_112' title='bbox 425 1754 522 1817; x_wconf 85' lang='lat' dir='ltr'>daret?</span> <span class='ocrx_word' id='word_1_113' title='bbox 541 1753 609 1815; x_wconf 80' lang='lat' dir='ltr'>sicut</span> <span class='ocrx_word' id='word_1_114' title='bbox 634 1757 663 1815; x_wconf 93' lang='lat' dir='ltr'>in</span> <span class='ocrx_word' id='word_1_115' title='bbox 677 1753 713 1814; x_wconf 87' lang='lat' dir='ltr'>Sa</span> <span class='ocrx_word' id='word_1_116' title='bbox 723 1756 772 1815; x_wconf 86' lang='lat' dir='ltr'>iari</span> <span class='ocrx_word' id='word_1_117' title='bbox 792 1756 916 1818; x_wconf 83' lang='lat' dir='ltr'>carmine</span> <span class='ocrx_word' id='word_1_118' title='bbox 940 1758 1071 1816; x_wconf 68' lang='lat' dir='ltr'>Pilumno</span> <span class='ocrx_word' id='word_1_119' title='bbox 1087 1759 1174 1836; x_wconf 75' lang='lat' dir='ltr'>poplo</span> <span class='ocrx_word' id='word_1_120' title='bbox 1284 1785 1290 1797; x_wconf 63' lang='lat'><strong><em>¹</em></strong></span> 
     </span>
     <span class='ocr_line' id='line_1_21' title="bbox 117 1835 1175 1920; baseline -0.001 -22"><span class='ocrx_word' id='word_1_121' title='bbox 117 1886 120 1890; x_wconf 89' lang='lat'>.</span> <span class='ocrx_word' id='word_1_122' title='bbox 205 1837 418 1920; x_wconf 81' lang='lat' dir='ltr'>indigitabanttrr</span> <span class='ocrx_word' id='word_1_123' title='bbox 434 1836 570 1909; x_wconf 88' lang='lat' dir='ltr'>Romani,</span> <span class='ocrx_word' id='word_1_124' title='bbox 582 1836 657 1897; x_wconf 89' lang='lat' dir='ltr'>velut</span> <span class='ocrx_word' id='word_1_125' title='bbox 672 1835 731 1915; x_wconf 88' lang='lat' dir='ltr'>pilis</span> <span class='ocrx_word' id='word_1_126' title='bbox 751 1837 789 1895; x_wconf 89' lang='lat' dir='ltr'>uti</span> <span class='ocrx_word' id='word_1_127' title='bbox 805 1836 925 1911; x_wconf 81' lang='lat' dir='ltr'>adsueti,</span> <span class='ocrx_word' id='word_1_128' title='bbox 936 1837 982 1899; x_wconf 85' lang='lat' dir='ltr'>vel</span> <span class='ocrx_word' id='word_1_129' title='bbox 999 1837 1063 1917; x_wconf 90' lang='lat' dir='ltr'>quia</span> <span class='ocrx_word' id='word_1_130' title='bbox 1078 1840 1175 1917; x_wconf 86' lang='lat' dir='ltr'>praeci·</span> 
     </span>
    </p>
   </div>
   <div class='ocr_carea' id='block_1_9' title="bbox 205 1916 1175 2093">
    <p class='ocr_par' dir='ltr' id='par_1_10' title="bbox 205 1916 1175 2093">
     <span class='ocr_line' id='line_1_22' title="bbox 229 1916 1174 1999; baseline -0.001 -19"><span class='ocrx_word' id='word_1_131' title='bbox 229 1940 263 1980; x_wconf 88' lang='lat' dir='ltr'>ue</span> <span class='ocrx_word' id='word_1_132' title='bbox 273 1918 403 1999; x_wconf 82' lang='lat' dir='ltr'>pellerent</span> <span class='ocrx_word' id='word_1_133' title='bbox 414 1917 517 1990; x_wconf 87' lang='lat' dir='ltr'>hostes,</span> <span class='ocrx_word' id='word_1_134' title='bbox 534 1918 622 1999; x_wconf 89' lang='lat' dir='ltr'>inquit</span> <span class='ocrx_word' id='word_1_135' title='bbox 639 1916 744 1978; x_wconf 86' lang='lat' dir='ltr'>Festus.</span> <span class='ocrx_word' id='word_1_136' title='bbox 760 1916 808 1977; x_wconf 86' lang='lat' dir='ltr'>An</span> <span class='ocrx_word' id='word_1_137' title='bbox 819 1919 911 1998; x_wconf 90' lang='lat' dir='ltr'>potius</span> <span class='ocrx_word' id='word_1_138' title='bbox 925 1918 1072 1999; x_wconf 82' lang='lat' dir='ltr'>legendum</span> <span class='ocrx_word' id='word_1_139' title='bbox 1082 1918 1174 1996; x_wconf 78' lang='lat' dir='ltr'>Apol·</span> 
     </span>
     <span class='ocr_line' id='line_1_23' title="bbox 205 1941 1175 2093; baseline -0.001 -32"><span class='ocrx_word' id='word_1_140' title='bbox 205 1941 316 2093; x_wconf 61' lang='lat' dir='ltr'>linaiis?</span> <span class='ocrx_word' id='word_1_141' title='bbox 332 2013 361 2058; x_wconf 92' lang='lat' dir='ltr'>ut</span> <span class='ocrx_word' id='word_1_142' title='bbox 380 2000 461 2073; x_wconf 86' lang='lat' dir='ltr'>hujus</span> <span class='ocrx_word' id='word_1_143' title='bbox 481 2000 601 2059; x_wconf 83' lang='lat' dir='ltr'>nominis</span> <span class='ocrx_word' id='word_1_144' title='bbox 619 1999 696 2057; x_wconf 79' lang='lat' dir='ltr'>,collis</span> <span class='ocrx_word' id='word_1_145' title='bbox 715 1997 880 2079; x_wconf 83' lang='lat' dir='ltr'>intelligatur</span> <span class='ocrx_word' id='word_1_146' title='bbox 888 2040 908 2071; x_wconf 75' lang='lat'>‚-</span> <span class='ocrx_word' id='word_1_147' title='bbox 922 1997 951 2057; x_wconf 89' lang='lat' dir='ltr'>in</span> <span class='ocrx_word' id='word_1_148' title='bbox 968 2019 1024 2079; x_wconf 89' lang='lat' dir='ltr'>quo</span> <span class='ocrx_word' id='word_1_149' title='bbox 1038 1999 1175 2079; x_wconf 81' lang='lat' dir='ltr'>Apollinis</span> 
     </span>
    </p>
   </div>
   <div class='ocr_carea' id='block_1_10' title="bbox 147 2076 1291 2245">
    <p class='ocr_par' dir='ltr' id='par_1_11' title="bbox 147 2076 1291 2245">
     <span class='ocr_line' id='line_1_24' title="bbox 147 2076 1175 2161; baseline -0.003 -18"><span class='ocrx_word' id='word_1_150' title='bbox 147 2118 152 2128; x_wconf 88' lang='lat'><strong>·</strong></span> <span class='ocrx_word' id='word_1_151' title='bbox 209 2081 285 2143; x_wconf 85' lang='lat' dir='ltr'>aedes</span> <span class='ocrx_word' id='word_1_152' title='bbox 304 2099 399 2154; x_wconf 83' lang='lat' dir='ltr'>erant,</span> <span class='ocrx_word' id='word_1_153' title='bbox 418 2078 543 2141; x_wconf 78' lang='lat' dir='ltr'>sicutiin</span> <span class='ocrx_word' id='word_1_154' title='bbox 557 2076 672 2139; x_wconf 86' lang='lat' dir='ltr'>Salutari</span> <span class='ocrx_word' id='word_1_155' title='bbox 694 2078 763 2138; x_wconf 91' lang='lat' dir='ltr'>colle</span> <span class='ocrx_word' id='word_1_156' title='bbox 781 2078 878 2141; x_wconf 87' lang='lat' dir='ltr'>Salutis</span> <span class='ocrx_word' id='word_1_157' title='bbox 901 2079 993 2151; x_wconf 88' lang='lat' dir='ltr'>aedes,</span> <span class='ocrx_word' id='word_1_158' title='bbox 1011 2098 1073 2161; x_wconf 87' lang='lat' dir='ltr'>quae</span> <span class='ocrx_word' id='word_1_159' title='bbox 1095 2079 1175 2141; x_wconf 90' lang='lat' dir='ltr'>Salu-</span> 
     </span>
     <span class='ocr_line' id='line_1_25' title="bbox 209 2157 1291 2245; baseline -0.001 -23"><span class='ocrx_word' id='word_1_160' title='bbox 209 2165 245 2222; x_wconf 89' lang='lat' dir='ltr'>tis</span> <span class='ocrx_word' id='word_1_161' title='bbox 269 2160 413 2245; x_wconf 81' lang='lat' dir='ltr'>augurium</span> <span class='ocrx_word' id='word_1_162' title='bbox 441 2160 603 2221; x_wconf 84' lang='lat' dir='ltr'>vocabatur.</span> <span class='ocrx_word' id='word_1_163' title='bbox 625 2180 691 2220; x_wconf 90' lang='lat' dir='ltr'>nam</span> <span class='ocrx_word' id='word_1_164' title='bbox 709 2157 784 2219; x_wconf 90' lang='lat' dir='ltr'>collis</span> <span class='ocrx_word' id='word_1_165' title='bbox 803 2157 957 2239; x_wconf 88' lang='lat' dir='ltr'>Quirinalis</span> <span class='ocrx_word' id='word_1_166' title='bbox 979 2162 1032 2221; x_wconf 89' lang='lat' dir='ltr'>hos</span> <span class='ocrx_word' id='word_1_167' title='bbox 1048 2163 1177 2242; x_wconf 84' lang='lat' dir='ltr'>particu-</span> <span class='ocrx_word' id='word_1_168' title='bbox 1283 2208 1291 2230; x_wconf 77' lang='grc'><strong>.</strong></span> 
     </span>
    </p>
   </div>
   <div class='ocr_carea' id='block_1_11' title="bbox 208 2240 1178 2808">
    <p class='ocr_par' dir='ltr' id='par_1_12' title="bbox 208 2240 1178 2808">
     <span class='ocr_line' id='line_1_26' title="bbox 209 2240 1176 2322; baseline -0.002 -17"><span class='ocrx_word' id='word_1_169' title='bbox 209 2244 288 2305; x_wconf 92' lang='lat' dir='ltr'>latim</span> <span class='ocrx_word' id='word_1_170' title='bbox 312 2240 550 2321; x_wconf 66' lang='lat' dir='ltr'>empleiiebatur,</span> <span class='ocrx_word' id='word_1_171' title='bbox 568 2240 668 2302; x_wconf 89' lang='lat' dir='ltr'>collem</span> <span class='ocrx_word' id='word_1_172' title='bbox 690 2240 881 2321; x_wconf 84' lang='lat' dir='ltr'>Apollinarem</span> <span class='ocrx_word' id='word_1_173' title='bbox 902 2240 1071 2322; x_wconf 72' lang='lat' dir='ltr'>Salutarem,</span> <span class='ocrx_word' id='word_1_174' title='bbox 1091 2242 1176 2303; x_wconf 86' lang='lat' dir='ltr'>Mar-</span> 
     </span>
     <span class='ocr_line' id='line_1_27' title="bbox 210 2320 1176 2403; baseline -0.002 -18"><span class='ocrx_word' id='word_1_175' title='bbox 210 2323 320 2397; x_wconf 86' lang='lat' dir='ltr'>tialem,</span> <span class='ocrx_word' id='word_1_176' title='bbox 339 2320 486 2383; x_wconf 84' lang='lat' dir='ltr'>Latiarem.</span> <span class='ocrx_word' id='word_1_177' title='bbox 506 2320 550 2381; x_wconf 86' lang='lat' dir='ltr'>Ex</span> <span class='ocrx_word' id='word_1_178' title='bbox 564 2341 621 2402; x_wconf 91' lang='lat' dir='ltr'>quo</span> <span class='ocrx_word' id='word_1_179' title='bbox 639 2322 791 2403; x_wconf 84' lang='lat' dir='ltr'>intelligitur</span> <span class='ocrx_word' id='word_1_180' title='bbox 806 2321 882 2382; x_wconf 87' lang='lat' dir='ltr'>locus</span> <span class='ocrx_word' id='word_1_181' title='bbox 902 2322 1045 2386; x_wconf 85' lang='lat' dir='ltr'>Ciceronis</span> <span class='ocrx_word' id='word_1_182' title='bbox 1061 2322 1098 2383; x_wconf 86' lang='lat' dir='ltr'>ad</span> <span class='ocrx_word' id='word_1_183' title='bbox 1115 2323 1176 2384; x_wconf 82' lang='lat' dir='ltr'>At-</span> 
     </span>
     <span class='ocr_line' id='line_1_28' title="bbox 208 2402 1176 2487; baseline 0.001 -22"><span class='ocrx_word' id='word_1_184' title='bbox 208 2408 294 2465; x_wconf 88' lang='lat' dir='ltr'>ticum</span> <span class='ocrx_word' id='word_1_185' title='bbox 312 2402 358 2467; x_wconf 89' lang='lat' dir='ltr'>lib.</span> <span class='ocrx_word' id='word_1_186' title='bbox 387 2422 436 2467; x_wconf 85' lang='lat'>12:</span> <span class='ocrx_word' id='word_1_187' title='bbox 459 2404 505 2463; x_wconf 86' lang='lat' dir='ltr'>De</span> <span class='ocrx_word' id='word_1_188' title='bbox 529 2406 627 2485; x_wconf 67' lang='lat' dir='ltr'>Caesare</span> <span class='ocrx_word' id='word_1_189' title='bbox 652 2402 742 2465; x_wconf 83' lang='lat' dir='ltr'>uiciuo</span> <span class='ocrx_word' id='word_1_190' title='bbox 753 2404 908 2485; x_wconf 80' lang='lat' dir='ltr'>scripseram</span> <span class='ocrx_word' id='word_1_191' title='bbox 927 2406 965 2462; x_wconf 83' lang='lat' dir='ltr'>ad</span> <span class='ocrx_word' id='word_1_192' title='bbox 984 2424 1027 2477; x_wconf 82' lang='lat' dir='ltr'>re,</span> <span class='ocrx_word' id='word_1_193' title='bbox 1049 2404 1112 2487; x_wconf 82' lang='lat' dir='ltr'>quia</span> <span class='ocrx_word' id='word_1_194' title='bbox 1126 2428 1176 2466; x_wconf 85' lang='lat' dir='ltr'>co·</span> 
     </span>
     <span class='ocr_line' id='line_1_29' title="bbox 208 2480 1176 2568; baseline 0.003 -23"><span class='ocrx_word' id='word_1_195' title='bbox 208 2508 317 2568; x_wconf 77' lang='lat' dir='ltr'>gnaram</span> <span class='ocrx_word' id='word_1_196' title='bbox 339 2506 372 2545; x_wconf 90' lang='lat' dir='ltr'>ex</span> <span class='ocrx_word' id='word_1_197' title='bbox 399 2485 451 2545; x_wconf 84' lang='lat' dir='ltr'>ruis</span> <span class='ocrx_word' id='word_1_198' title='bbox 470 2480 561 2545; x_wconf 82' lang='lat' dir='ltr'>literis.</span> <span class='ocrx_word' id='word_1_199' title='bbox 582 2506 638 2543; x_wconf 83' lang='lat' dir='ltr'>eum</span> <span class='ocrx_word' id='word_1_200' title='bbox 661 2484 772 2546; x_wconf 77' lang='grc' dir='ltr'>νύννινον</span> <span class='ocrx_word' id='word_1_201' title='bbox 790 2485 900 2562; x_wconf 84' lang='lat' dir='ltr'>Quirini</span> <span class='ocrx_word' id='word_1_202' title='bbox 919 2486 1006 2558; x_wconf 75' lang='lat' dir='ltr'>melo,</span> <span class='ocrx_word' id='word_1_203' title='bbox 1026 2506 1104 2564; x_wconf 85' lang='lat' dir='ltr'>quam</span> <span class='ocrx_word' id='word_1_204' title='bbox 1123 2490 1176 2548; x_wconf 83' lang='lat' dir='ltr'>Sa·</span> 
     </span>
     <span class='ocr_line' id='line_1_30' title="bbox 210 2564 1177 2647; baseline -0.002 -19"><span class='ocrx_word' id='word_1_205' title='bbox 210 2568 285 2628; x_wconf 86' lang='lat' dir='ltr'>lutis.</span> <span class='ocrx_word' id='word_1_206' title='bbox 296 2564 370 2628; x_wconf 89' lang='lat' dir='ltr'>Cum</span> <span class='ocrx_word' id='word_1_207' title='bbox 387 2568 460 2627; x_wconf 82' lang='lat' dir='ltr'>enirn</span> <span class='ocrx_word' id='word_1_208' title='bbox 476 2565 609 2625; x_wconf 88' lang='lat' dir='ltr'>habitaret</span> <span class='ocrx_word' id='word_1_209' title='bbox 620 2565 732 2627; x_wconf 81' lang='lat' dir='ltr'>Atticus</span> <span class='ocrx_word' id='word_1_210' title='bbox 740 2567 767 2624; x_wconf 91' lang='lat' dir='ltr'>in</span> <span class='ocrx_word' id='word_1_211' title='bbox 780 2564 852 2627; x_wconf 74' lang='lat' dir='ltr'>colle</span> <span class='ocrx_word' id='word_1_212' title='bbox 863 2566 1003 2644; x_wconf 83' lang='lat' dir='ltr'>Quirinali</span> <span class='ocrx_word' id='word_1_213' title='bbox 1011 2610 1020 2641; x_wconf 87' lang='lat'>‚</span> <span class='ocrx_word' id='word_1_214' title='bbox 1028 2566 1103 2627; x_wconf 87' lang='lat' dir='ltr'>haud</span> <span class='ocrx_word' id='word_1_215' title='bbox 1112 2587 1177 2647; x_wconf 88' lang='lat' dir='ltr'>pto·</span> 
     </span>
     <span class='ocr_line' id='line_1_31' title="bbox 211 2642 1177 2729; baseline -0.002 -21"><span class='ocrx_word' id='word_1_216' title='bbox 211 2649 258 2709; x_wconf 87' lang='lat' dir='ltr'>cul</span> <span class='ocrx_word' id='word_1_217' title='bbox 281 2648 385 2729; x_wconf 83' lang='lat' dir='ltr'>templo</span> <span class='ocrx_word' id='word_1_218' title='bbox 410 2642 528 2720; x_wconf 76' lang='lat' dir='ltr'>Salutis,</span> <span class='ocrx_word' id='word_1_219' title='bbox 545 2646 700 2727; x_wconf 86' lang='lat' dir='ltr'>ibidemque</span> <span class='ocrx_word' id='word_1_220' title='bbox 723 2644 816 2707; x_wconf 74' lang='lat' dir='ltr'>cesar</span> <span class='ocrx_word' id='word_1_221' title='bbox 832 2646 867 2705; x_wconf 86' lang='lat' dir='ltr'>ad</span> <span class='ocrx_word' id='word_1_222' title='bbox 884 2647 1011 2726; x_wconf 86' lang='lat' dir='ltr'>Quirini,</span> <span class='ocrx_word' id='word_1_223' title='bbox 1027 2646 1124 2708; x_wconf 86' lang='lat' dir='ltr'>festive</span> <span class='ocrx_word' id='word_1_224' title='bbox 1134 2650 1177 2720; x_wconf 89' lang='lat' dir='ltr'>ja·</span> 
     </span>
     <span class='ocr_line' id='line_1_32' title="bbox 212 2724 1178 2808; baseline -0.002 -19"><span class='ocrx_word' id='word_1_225' title='bbox 212 2731 272 2805; x_wconf 86' lang='lat' dir='ltr'>cit,</span> <span class='ocrx_word' id='word_1_226' title='bbox 290 2726 317 2788; x_wconf 90' lang='lat' dir='ltr'>se</span> <span class='ocrx_word' id='word_1_227' title='bbox 334 2728 431 2801; x_wconf 88' lang='lat' dir='ltr'>malle,</span> <span class='ocrx_word' id='word_1_228' title='bbox 451 2727 528 2787; x_wconf 90' lang='lat' dir='ltr'>illum</span> <span class='ocrx_word' id='word_1_229' title='bbox 545 2726 767 2787; x_wconf 80' lang='lat' dir='ltr'>contubernalem</span> <span class='ocrx_word' id='word_1_230' title='bbox 784 2724 840 2786; x_wconf 79' lang='lat' dir='ltr'>elie</span> <span class='ocrx_word' id='word_1_231' title='bbox 854 2725 986 2805; x_wconf 87' lang='lat' dir='ltr'>Quirini,</span> <span class='ocrx_word' id='word_1_232' title='bbox 999 2747 1085 2808; x_wconf 87' lang='lat' dir='ltr'>quam</span> <span class='ocrx_word' id='word_1_233' title='bbox 1101 2725 1178 2787; x_wconf 82' lang='lat' dir='ltr'>Salu-</span> 
     </span>
    </p>
   </div>
   <div class='ocr_carea' id='block_1_12' title="bbox 206 2806 1275 2973">
    <p class='ocr_par' dir='ltr' id='par_1_13' title="bbox 206 2806 1275 2973">
     <span class='ocr_line' id='line_1_33' title="bbox 211 2806 1275 2889; baseline -0.002 -19"><span class='ocrx_word' id='word_1_234' title='bbox 211 2814 266 2882; x_wconf 87' lang='lat' dir='ltr'>tis,</span> <span class='ocrx_word' id='word_1_235' title='bbox 281 2819 312 2867; x_wconf 87' lang='lat' dir='ltr'>ut</span> <span class='ocrx_word' id='word_1_236' title='bbox 332 2808 486 2869; x_wconf 76' lang='lat' dir='ltr'>scilicetob</span> <span class='ocrx_word' id='word_1_237' title='bbox 502 2807 679 2889; x_wconf 84' lang='lat' dir='ltr'>tyrannidem</span> <span class='ocrx_word' id='word_1_238' title='bbox 695 2808 788 2887; x_wconf 87' lang='lat' dir='ltr'>potius</span> <span class='ocrx_word' id='word_1_239' title='bbox 808 2808 949 2868; x_wconf 86' lang='lat' dir='ltr'>occidatur</span> <span class='ocrx_word' id='word_1_240' title='bbox 960 2806 1039 2867; x_wconf 85' lang='lat' dir='ltr'>asnis</span> <span class='ocrx_word' id='word_1_241' title='bbox 1056 2810 1177 2882; x_wconf 80' lang='lat' dir='ltr'>civibus,</span> <span class='ocrx_word' id='word_1_242' title='bbox 1269 2806 1275 2825; x_wconf 75' lang='lat'><strong>¹</strong></span> 
     </span>
     <span class='ocr_line' id='line_1_34' title="bbox 206 2884 1180 2973; baseline -0.001 -18"><span class='ocrx_word' id='word_1_243' title='bbox 206 2887 449 2973; x_wconf 76' lang='lat' dir='ltr'>quemadmodum</span> <span class='ocrx_word' id='word_1_244' title='bbox 466 2889 622 2963; x_wconf 87' lang='lat' dir='ltr'>Romulus,</span> <span class='ocrx_word' id='word_1_245' title='bbox 634 2908 718 2969; x_wconf 87' lang='lat' dir='ltr'>quam</span> <span class='ocrx_word' id='word_1_246' title='bbox 735 2904 763 2946; x_wconf 90' lang='lat' dir='ltr'>ut</span> <span class='ocrx_word' id='word_1_247' title='bbox 773 2884 891 2951; x_wconf 79' lang='lat' dir='ltr'>aSalute</span> <span class='ocrx_word' id='word_1_248' title='bbox 905 2887 1038 2950; x_wconf 88' lang='lat' dir='ltr'>servetur.</span> <span class='ocrx_word' id='word_1_249' title='bbox 1046 2888 1180 2955; x_wconf 76' lang='lat' dir='ltr'>Pot’MA.</span> 
     </span>
    </p>
   </div>
   <div class='ocr_carea' id='block_1_13' title="bbox 212 2968 1180 3133">
    <p class='ocr_par' dir='ltr' id='par_1_14' title="bbox 212 2968 1180 3133">
     <span class='ocr_line' id='line_1_35' title="bbox 253 2968 1179 3053; baseline 0.001 -23"><span class='ocrx_word' id='word_1_250' title='bbox 253 2973 301 3033; x_wconf 87' lang='lat' dir='ltr'>lin.</span> <span class='ocrx_word' id='word_1_251' title='bbox 321 2991 368 3033; x_wconf 82' lang='lat' dir='ltr'>eo.</span> <span class='ocrx_word' id='word_1_252' title='bbox 387 2969 469 3032; x_wconf 83' lang='lat' dir='ltr'>Collis</span> <span class='ocrx_word' id='word_1_253' title='bbox 487 2971 651 3049; x_wconf 63' lang='lat' dir='ltr'>Matidia]</span> <span class='ocrx_word' id='word_1_254' title='bbox 670 2968 752 3053; x_wconf 72' lang='lat' dir='ltr'>Collis</span> <span class='ocrx_word' id='word_1_255' title='bbox 772 2968 915 3029; x_wconf 79' lang='lat' dir='ltr'>Martialis</span> <span class='ocrx_word' id='word_1_256' title='bbox 931 2969 1079 3053; x_wconf 84' lang='lat' dir='ltr'>legendum</span> <span class='ocrx_word' id='word_1_257' title='bbox 1104 2968 1179 3053; x_wconf 77' lang='lat' dir='ltr'>elle,</span> 
     </span>
     <span class='ocr_line' id='line_1_36' title="bbox 212 3048 1180 3133; baseline -0.002 -20"><span class='ocrx_word' id='word_1_258' title='bbox 212 3054 310 3113; x_wconf 70' lang='lat' dir='ltr'>audior</span> <span class='ocrx_word' id='word_1_259' title='bbox 328 3048 486 3132; x_wconf 83' lang='lat' dir='ltr'>Dionysius</span> <span class='ocrx_word' id='word_1_260' title='bbox 505 3052 553 3133; x_wconf 81' lang='lat' dir='ltr'>lib.</span> <span class='ocrx_word' id='word_1_261' title='bbox 573 3072 601 3132; x_wconf 89' lang='lat'>9.</span> <span class='ocrx_word' id='word_1_262' title='bbox 619 3048 665 3113; x_wconf 86' lang='grc' dir='ltr'>Ἐν</span> <span class='ocrx_word' id='word_1_263' title='bbox 687 3048 722 3109; x_wconf 68' lang='lat' dir='ltr'>si</span> <span class='ocrx_word' id='word_1_264' title='bbox 741 3048 779 3129; x_wconf 61' lang='lat' dir='ltr'>rii</span> <span class='ocrx_word' id='word_1_265' title='bbox 796 3048 879 3112; x_wconf 73' lang='grc' dir='ltr'>πόλει</span> <span class='ocrx_word' id='word_1_266' title='bbox 893 3094 904 3125; x_wconf 86' lang='grc'>,</span> <span class='ocrx_word' id='word_1_267' title='bbox 919 3051 1022 3130; x_wconf 86' lang='lat' dir='ltr'>inquit,</span> <span class='ocrx_word' id='word_1_268' title='bbox 1046 3053 1093 3113; x_wconf 69' lang='lat' dir='ltr'>rii</span> <span class='ocrx_word' id='word_1_269' title='bbox 1113 3052 1180 3116; x_wconf 73' lang='grc' dir='ltr'>νεὼν</span> 
     </span>
    </p>
   </div>
   <div class='ocr_carea' id='block_1_14' title="bbox 202 3126 1180 3214">
    <p class='ocr_par' dir='ltr' id='par_1_15' title="bbox 202 3126 1180 3214">
     <span class='ocr_line' id='line_1_37' title="bbox 202 3126 1180 3214; baseline -0.001 -20"><span class='ocrx_word' id='word_1_270' title='bbox 202 3130 270 3199; x_wconf 68' lang='lat' dir='ltr'>roi,</span> <span class='ocrx_word' id='word_1_271' title='bbox 289 3133 413 3196; x_wconf 76' lang='lat' dir='ltr'>Hierion.</span> <span class='ocrx_word' id='word_1_272' title='bbox 429 3136 497 3193; x_wconf 73' lang='lat' dir='ltr'>Arii</span> <span class='ocrx_word' id='word_1_273' title='bbox 523 3132 645 3214; x_wconf 72' lang='grc' dir='ltr'>Σπόριος</span> <span class='ocrx_word' id='word_1_274' title='bbox 667 3131 867 3207; x_wconf 60' lang='lat' dir='ltr'>narramur</span> <span class='ocrx_word' id='word_1_275' title='bbox 897 3130 1061 3195; x_wconf 63' lang='lat' dir='ltr'>cribreris</span> <span class='ocrx_word' id='word_1_276' title='bbox 1088 3126 1180 3195; x_wconf 60' lang='lat' dir='ltr'>aira&amp;</span> 
     </span>
    </p>
   </div>
   <div class='ocr_carea' id='block_1_15' title="bbox 214 3210 1181 3367">
    <p class='ocr_par' dir='ltr' id='par_1_16' title="bbox 214 3210 1181 3367">
     <span class='ocr_line' id='line_1_38' title="bbox 215 3210 1181 3295; baseline 0.001 -19"><span class='ocrx_word' id='word_1_277' title='bbox 215 3216 389 3295; x_wconf 58' lang='grc' dir='ltr'>καθιέρωσε,</span> <span class='ocrx_word' id='word_1_278' title='bbox 404 3216 491 3291; x_wconf 66' lang='lat' dir='ltr'>pnite</span> <span class='ocrx_word' id='word_1_279' title='bbox 502 3212 606 3275; x_wconf 76' lang='grc' dir='ltr'>Ἰουνίου</span> <span class='ocrx_word' id='word_1_280' title='bbox 623 3212 691 3276; x_wconf 76' lang='lat' dir='ltr'>ruris</span> <span class='ocrx_word' id='word_1_281' title='bbox 708 3217 897 3291; x_wconf 69' lang='lat' dir='ltr'>eutropium</span> <span class='ocrx_word' id='word_1_282' title='bbox 916 3213 1032 3289; x_wconf 70' lang='grc' dir='ltr'>νώναις,</span> <span class='ocrx_word' id='word_1_283' title='bbox 1056 3213 1106 3276; x_wconf 74' lang='lat' dir='ltr'>iri</span> <span class='ocrx_word' id='word_1_284' title='bbox 1128 3210 1181 3277; x_wconf 77' lang='lat' dir='ltr'>cuii</span> 
     </span>
     <span class='ocr_line' id='line_1_39' title="bbox 214 3294 628 3367; baseline -0.005 -10"><span class='ocrx_word' id='word_1_285' title='bbox 214 3294 357 3358; x_wconf 76' lang='grc' dir='ltr'>Ἐννινλίον</span> <span class='ocrx_word' id='word_1_286' title='bbox 379 3294 476 3367; x_wconf 71' lang='grc' dir='ltr'>Λόφιν.</span> <span class='ocrx_word' id='word_1_287' title='bbox 494 3297 628 3360; x_wconf 69' lang='lat' dir='ltr'>Sentio.</span> 
     </span>
    </p>
   </div>
   <div class='ocr_carea' id='block_1_16' title="bbox 100 3365 1185 3940">
    <p class='ocr_par' dir='ltr' id='par_1_17' title="bbox 207 3365 1182 3457">
     <span class='ocr_line' id='line_1_40' title="bbox 207 3365 1182 3457; baseline 0.002 -22"><span class='ocrx_word' id='word_1_288' title='bbox 207 3400 209 3404; x_wconf 66' lang='grc'>’</span> <span class='ocrx_word' id='word_1_289' title='bbox 255 3378 299 3437; x_wconf 92' lang='lat' dir='ltr'>lin.</span> <span class='ocrx_word' id='word_1_290' title='bbox 325 3395 372 3457; x_wconf 83' lang='lat'>23.</span> <span class='ocrx_word' id='word_1_291' title='bbox 397 3378 483 3457; x_wconf 85' lang='lat' dir='ltr'>Apud</span> <span class='ocrx_word' id='word_1_292' title='bbox 501 3376 655 3437; x_wconf 68' lang='lat' dir='ltr'>Turranium</span> <span class='ocrx_word' id='word_1_293' title='bbox 670 3374 818 3456; x_wconf 53' lang='lat' dir='ltr'>,adficiunt</span> <span class='ocrx_word' id='word_1_294' title='bbox 835 3365 924 3457; x_wconf 82' lang='lat' dir='ltr'>firlrim</span> <span class='ocrx_word' id='word_1_295' title='bbox 949 3376 1015 3457; x_wconf 55' lang='lat' dir='ltr'>ed]</span> <span class='ocrx_word' id='word_1_296' title='bbox 1036 3373 1111 3438; x_wconf 91' lang='lat' dir='ltr'>Cum</span> <span class='ocrx_word' id='word_1_297' title='bbox 1131 3398 1182 3437; x_wconf 84' lang='lat' dir='ltr'>au·</span> 
     </span>
    </p>

    <p class='ocr_par' dir='ltr' id='par_1_18' title="bbox 100 3455 1184 3701">
     <span class='ocr_line' id='line_1_41' title="bbox 100 3455 1184 3540; baseline 0.003 -23"><span class='ocrx_word' id='word_1_298' title='bbox 100 3522 101 3525; x_wconf 8' lang='grc' dir='ltr'><strong>Ἴ</strong></span> <span class='ocrx_word' id='word_1_299' title='bbox 216 3457 331 3519; x_wconf 79' lang='lat' dir='ltr'>taculum</span> <span class='ocrx_word' id='word_1_300' title='bbox 357 3459 488 3539; x_wconf 82' lang='lat' dir='ltr'>reperiam</span> <span class='ocrx_word' id='word_1_301' title='bbox 509 3460 539 3517; x_wconf 91' lang='lat' dir='ltr'>in</span> <span class='ocrx_word' id='word_1_302' title='bbox 563 3459 676 3539; x_wconf 91' lang='lat' dir='ltr'>antiquo</span> <span class='ocrx_word' id='word_1_303' title='bbox 701 3458 815 3532; x_wconf 86' lang='lat' dir='ltr'>codice,</span> <span class='ocrx_word' id='word_1_304' title='bbox 838 3458 918 3517; x_wconf 88' lang='lat' dir='ltr'>unius</span> <span class='ocrx_word' id='word_1_305' title='bbox 941 3455 1054 3538; x_wconf 87' lang='lat' dir='ltr'>syllabae</span> <span class='ocrx_word' id='word_1_306' title='bbox 1074 3455 1184 3540; x_wconf 87' lang='lat' dir='ltr'>supple·</span> 
     </span>
     <span class='ocr_line' id='line_1_42' title="bbox 101 3535 1184 3621; baseline 0.002 -23"><span class='ocrx_word' id='word_1_307' title='bbox 101 3602 102 3605; x_wconf 8' lang='grc' dir='ltr'><strong>Ἴ</strong></span> <span class='ocrx_word' id='word_1_308' title='bbox 217 3554 314 3599; x_wconf 89' lang='lat' dir='ltr'>mento</span> <span class='ocrx_word' id='word_1_309' title='bbox 337 3538 524 3618; x_wconf 80' lang='lat' dir='ltr'>augurarulum</span> <span class='ocrx_word' id='word_1_310' title='bbox 548 3537 648 3598; x_wconf 84' lang='lat' dir='ltr'>scribo.</span> <span class='ocrx_word' id='word_1_311' title='bbox 663 3535 707 3598; x_wconf 86' lang='lat' dir='ltr'>Sic</span> <span class='ocrx_word' id='word_1_312' title='bbox 725 3555 844 3597; x_wconf 86' lang='lat' dir='ltr'>vocatur</span> <span class='ocrx_word' id='word_1_313' title='bbox 861 3538 957 3612; x_wconf 89' lang='lat' dir='ltr'>locus,</span> <span class='ocrx_word' id='word_1_314' title='bbox 977 3539 1051 3599; x_wconf 90' lang='lat' dir='ltr'>unde</span> <span class='ocrx_word' id='word_1_315' title='bbox 1065 3559 1184 3621; x_wconf 79' lang='lat' dir='ltr'>augures</span> 
     </span>
     <span class='ocr_line' id='line_1_43' title="bbox 216 3616 1183 3701; baseline 0 -22"><span class='ocrx_word' id='word_1_316' title='bbox 216 3620 330 3699; x_wconf 82' lang='lat' dir='ltr'>auguria</span> <span class='ocrx_word' id='word_1_317' title='bbox 352 3620 507 3701; x_wconf 88' lang='lat' dir='ltr'>captabant.</span> <span class='ocrx_word' id='word_1_318' title='bbox 537 3618 746 3701; x_wconf 84' lang='lat' dir='ltr'>Auguraculum</span> <span class='ocrx_word' id='word_1_319' title='bbox 773 3620 842 3678; x_wconf 81' lang='lat' dir='ltr'>dicit</span> <span class='ocrx_word' id='word_1_320' title='bbox 870 3616 925 3679; x_wconf 85' lang='lat' dir='ltr'>elle</span> <span class='ocrx_word' id='word_1_321' title='bbox 953 3617 1048 3679; x_wconf 88' lang='lat' dir='ltr'>Festus</span> <span class='ocrx_word' id='word_1_322' title='bbox 1072 3641 1183 3695; x_wconf 83' lang='lat' dir='ltr'>arcem,</span> 
     </span>
    </p>

    <p class='ocr_par' dir='ltr' id='par_1_19' title="bbox 103 3698 1185 3940">
     <span class='ocr_line' id='line_1_44' title="bbox 103 3698 1184 3783; baseline 0.006 -28"><span class='ocrx_word' id='word_1_323' title='bbox 103 3700 107 3755; x_wconf 66' lang='lat'>‘.</span> <span class='ocrx_word' id='word_1_324' title='bbox 217 3698 295 3779; x_wconf 81' lang='lat' dir='ltr'>quod</span> <span class='ocrx_word' id='word_1_325' title='bbox 315 3699 378 3758; x_wconf 87' lang='lat' dir='ltr'>inde</span> <span class='ocrx_word' id='word_1_326' title='bbox 399 3700 600 3780; x_wconf 85' lang='lat' dir='ltr'>auspicarentur</span> <span class='ocrx_word' id='word_1_327' title='bbox 624 3718 748 3781; x_wconf 85' lang='lat' dir='ltr'>augures.</span> <span class='ocrx_word' id='word_1_328' title='bbox 767 3698 868 3759; x_wconf 66' lang='lat' dir='ltr'>Viiior</span> <span class='ocrx_word' id='word_1_329' title='bbox 881 3703 1084 3783; x_wconf 79' lang='lat' dir='ltr'>auguratorium</span> <span class='ocrx_word' id='word_1_330' title='bbox 1097 3702 1184 3768; x_wconf 86' lang='lat' dir='ltr'>etiam</span> 
     </span>
     <span class='ocr_line' id='line_1_45' title="bbox 105 3778 1185 3863; baseline 0.007 -28"><span class='ocrx_word' id='word_1_331' title='bbox 105 3832 106 3835; x_wconf 74' lang='grc'>,</span> <span class='ocrx_word' id='word_1_332' title='bbox 218 3781 336 3841; x_wconf 84' lang='lat' dir='ltr'>collocat</span> <span class='ocrx_word' id='word_1_333' title='bbox 356 3780 385 3837; x_wconf 89' lang='lat' dir='ltr'>in</span> <span class='ocrx_word' id='word_1_334' title='bbox 400 3778 548 3861; x_wconf 84' lang='lat' dir='ltr'>Capitolio.</span> <span class='ocrx_word' id='word_1_335' title='bbox 574 3780 690 3852; x_wconf 83' lang='lat' dir='ltr'>Sunt&amp;</span> <span class='ocrx_word' id='word_1_336' title='bbox 707 3782 753 3863; x_wconf 89' lang='lat' dir='ltr'>qui</span> <span class='ocrx_word' id='word_1_337' title='bbox 771 3802 787 3841; x_wconf 87' lang='lat' dir='ltr'>e</span> <span class='ocrx_word' id='word_1_338' title='bbox 806 3778 917 3842; x_wconf 83' lang='lat' dir='ltr'>Carinis</span> <span class='ocrx_word' id='word_1_339' title='bbox 939 3797 1048 3861; x_wconf 86' lang='lat' dir='ltr'>captata</span> <span class='ocrx_word' id='word_1_340' title='bbox 1070 3783 1185 3863; x_wconf 81' lang='lat' dir='ltr'>auguria</span> 
     </span>
     <span class='ocr_line' id='line_1_46' title="bbox 106 3856 1185 3940; baseline 0.001 -19"><span class='ocrx_word' id='word_1_341' title='bbox 106 3892 108 3899; x_wconf 91' lang='grc'><strong><em>·</em></strong></span> <span class='ocrx_word' id='word_1_342' title='bbox 217 3862 334 3922; x_wconf 87' lang='lat' dir='ltr'>tradant.</span> <span class='ocrx_word' id='word_1_343' title='bbox 353 3863 559 3940; x_wconf 82' lang='lat' dir='ltr'>Auguraculum</span> <span class='ocrx_word' id='word_1_344' title='bbox 576 3862 677 3924; x_wconf 83' lang='lat' dir='ltr'>Graece</span> <span class='ocrx_word' id='word_1_345' title='bbox 694 3856 879 3940; x_wconf 64' lang='grc' dir='ltr'>οἰωνιστήριον</span> <span class='ocrx_word' id='word_1_346' title='bbox 893 3862 1002 3922; x_wconf 89' lang='lat' dir='ltr'>dicitur.</span> <span class='ocrx_word' id='word_1_347' title='bbox 1019 3860 1117 3921; x_wconf 85' lang='lat' dir='ltr'>Scribit</span> <span class='ocrx_word' id='word_1_348' title='bbox 1131 3861 1185 3922; x_wconf 86' lang='lat' dir='ltr'>Hi·</span> 
     </span>
    </p>
   </div>
   <div class='ocr_carea' id='block_1_17' title="bbox 219 3942 1183 4023">
    <p class='ocr_par' dir='ltr' id='par_1_20' title="bbox 219 3942 1183 4023">
     <span class='ocr_line' id='line_1_47' title="bbox 219 3942 1183 4023; baseline 0.004 -24"><span class='ocrx_word' id='word_1_349' title='bbox 219 3946 297 4023; x_wconf 84' lang='lat' dir='ltr'>ginus</span> <span class='ocrx_word' id='word_1_350' title='bbox 319 3944 345 4001; x_wconf 88' lang='lat' dir='ltr'>in</span> <span class='ocrx_word' id='word_1_351' title='bbox 367 3942 446 4008; x_wconf 83' lang='lat' dir='ltr'>libro,</span> <span class='ocrx_word' id='word_1_352' title='bbox 463 3943 497 4000; x_wconf 90' lang='lat' dir='ltr'>de</span> <span class='ocrx_word' id='word_1_353' title='bbox 521 3942 623 4005; x_wconf 79' lang='lat' dir='ltr'>Castris</span> <span class='ocrx_word' id='word_1_354' title='bbox 646 3943 805 4015; x_wconf 86' lang='lat' dir='ltr'>metandis,</span> <span class='ocrx_word' id='word_1_355' title='bbox 820 3950 847 4001; x_wconf 92' lang='lat' dir='ltr'>in</span> <span class='ocrx_word' id='word_1_356' title='bbox 869 3942 961 4003; x_wconf 88' lang='lat' dir='ltr'>castris</span> <span class='ocrx_word' id='word_1_357' title='bbox 989 3942 1183 4003; x_wconf 86' lang='lat' dir='ltr'>Romanorum</span> 
     </span>
    </p>
   </div>
   <div class='ocr_carea' id='block_1_18' title="bbox 109 4017 1185 4109">
    <p class='ocr_par' dir='ltr' id='par_1_21' title="bbox 108 3996 1185 4109">
     <span class='ocr_line' id='line_1_48' title="bbox 109 4017 1185 4109; baseline 0.008 -27.992"><span class='ocrx_word' id='word_1_358' title='bbox 109 4052 112 4109; x_wconf 46' lang='grc' dir='ltr'>ι</span> <span class='ocrx_word' id='word_1_359' title='bbox 219 4023 295 4085; x_wconf 78' lang='lat' dir='ltr'>tuille</span> <span class='ocrx_word' id='word_1_360' title='bbox 312 4024 526 4103; x_wconf 83' lang='lat' dir='ltr'>auguraculurn,</span> <span class='ocrx_word' id='word_1_361' title='bbox 544 4026 623 4104; x_wconf 84' lang='lat' dir='ltr'>quod</span> <span class='ocrx_word' id='word_1_362' title='bbox 635 4022 749 4084; x_wconf 87' lang='lat' dir='ltr'>Tacitus</span> <span class='ocrx_word' id='word_1_363' title='bbox 768 4024 897 4107; x_wconf 77' lang='lat' dir='ltr'>augurale</span> <span class='ocrx_word' id='word_1_364' title='bbox 916 4040 1011 4089; x_wconf 86' lang='lat' dir='ltr'>vocat.</span> <span class='ocrx_word' id='word_1_365' title='bbox 1028 4017 1185 4091; x_wconf 78' lang='lat' dir='ltr'>TURNEB.</span> 
     </span>
    </p>
   </div>
   <div class='ocr_carea' id='block_1_19' title="bbox 313 4108 1019 4186">
    <p class='ocr_par' dir='ltr' id='par_1_22' title="bbox 313 4108 1019 4186">
     <span class='ocr_line' id='line_1_49' title="bbox 313 4108 1019 4186; baseline 0.006 -9"><span class='ocrx_word' id='word_1_366' title='bbox 313 4112 363 4181; x_wconf 88' lang='lat' dir='ltr'>M.</span> <span class='ocrx_word' id='word_1_367' title='bbox 393 4108 430 4184; x_wconf 87' lang='lat' dir='ltr'>T.</span> <span class='ocrx_word' id='word_1_368' title='bbox 454 4112 567 4181; x_wconf 82' lang='lat' dir='ltr'>Varro.</span> <span class='ocrx_word' id='word_1_369' title='bbox 591 4114 664 4183; x_wconf 84' lang='lat' dir='ltr'>Vol.</span> <span class='ocrx_word' id='word_1_370' title='bbox 688 4112 734 4186; x_wconf 82' lang='lat' dir='ltr'>ll.</span> <span class='ocrx_word' id='word_1_371' title='bbox 987 4109 1019 4181; x_wconf 87' lang='lat' dir='ltr'>C</span> 
     </span>
    </p>
   </div>
   <div class='ocr_carea' id='block_1_20' title="bbox 0 0 1636 4967">
    <p class='ocr_par' dir='ltr' id='par_1_23' title="bbox 0 0 1636 4967">
     <span class='ocr_line' id='line_1_50' title="bbox 0 0 1636 4967; baseline 0 0"><span class='ocrx_word' id='word_1_372' title='bbox 0 0 1636 4967; x_wconf 95' lang='lat' dir='ltr'> </span> 
     </span>
    </p>
   </div>
  </div>
 </body>
</html>
