3209 4967
357 566 495 644 ¹350
754 545 1059 622 NOTAE,

308 764 316 779 ,
423 706 468 764 vel
480 704 596 765 libertate
613 704 811 780 mulctabantur,
825 705 852 765 d·
864 720 893 762 ut
903 704 975 784 servi
988 724 1088 763 errones
1104 702 1229 764 venibam
1239 726 1256 777 ,⁰
1268 705 1314 763 vel
1319 706 1394 764 lace·

423 788 524 846 rarione
542 786 654 867 corporis
669 786 845 846 vexabantur.
862 786 958 844 Livius
973 786 1021 843 lib.
1041 802 1081 860 7:
1098 785 1237 844 Acerbitas
1252 786 1281 843 in
1296 788 1393 846 deleHu
1437 818 1440 821 ⁴

424 890 478 929 non
496 868 592 925 damno
608 868 683 925 modo
699 868 812 944 civium,
825 867 874 946 sed
891 868 969 926 etiam
987 866 1144 924 laceratione
1163 887 1293 946 corporum
1309 870 1392 941 lata,

425 949 544 1029 (partim
561 949 645 1027 uirgis
661 951 745 1026 rufis,
761 949 805 1029 qui
824 951 862 1005 od
882 948 985 1007 nomina
1004 965 1056 1004 non
1075 947 1274 1027 respondrffent,
1290 948 1392 1027 partim

422 1048 453 1087 m
467 1029 574 1087 uincula
591 1028 686 1111 dusiis)
696 1030 785 1107 invisit
800 1046 864 1088 crat.
881 1028 1023 1089 Interdum
1038 1031 1069 1088 &
1085 1030 1185 1088 domus
1199 1050 1295 1088 eorum
1306 1050 1392 1089 ever-

421 1109 564 1182 tebantur,
578 1111 609 1169 ἃ
632 1109 740 1169 arbusta
755 1109 980 1181 succidebantur,
995 1126 1025 1167 ut
1041 1108 1084 1169 M.
1103 1110 1192 1169 Fabio
1205 1109 1339 1182 Caesone,
1355 1110 1392 1173 &

422 1186 457 1251 L
473 1190 586 1253 Valerio
601 1190 678 1253 Coll.
693 1191 794 1251 facium
809 1190 891 1251 refert
908 1189 1064 1272 Dionysrus
1081 1190 1249 1288 Halicarnasi
1262 1192 1310 1252 lib.
1325 1214 1356 1275 9.

595 1389 603 1453 1
785 1369 907 1465 Pagina
931 1370 1009 1440 281.

466 1510 559 1571 Tricas
577 1510 734 1591 Tesserae]
754 1510 845 1573 Tricae
860 1507 982 1568 Tellenae
999 1507 1194 1590 neporuroldc
1208 1508 1332 1570 dicuntur
1343 1532 1393 1573 res

421 1590 560 1672 impeditae
581 1592 612 1652 ὃ(
632 1594 776 1665 intritam,
794 1583 946 1651 asTellena
972 1590 1041 1651 urbe
1068 1594 1181 1671 antiqua
1206 1586 1391 1666 latinorum,

422 1693 508 1752 quam
524 1672 619 1733 Ancus
637 1672 754 1733 Martius
778 1694 826 1733 rex
847 1674 877 1733 vi
893 1673 974 1752 cepit.
992 1672 1135 1731 Arnobius
1150 1674 1197 1733 lib.
1223 1694 1252 1755 5:
1267 1678 1391 1750 Jamdu-

318 1786 321 1794 ν
422 1756 484 1813 dum
511 1776 549 1813 me
563 1736 653 1832 fateor
670 1756 796 1832 lustrare,
815 1754 1020 1833 circumspicere,
1041 1755 1219 1835 tergiversari,
1237 1755 1264 1815 θ’
1282 1756 1384 1831 tricas,

422 1838 631 1917 quemadmodum
652 1838 764 1907 dicitur,
779 1832 961 1914 conduplicare
984 1833 1116 1895 Tellenas.

466 1917 524 1977 Hic
543 1915 717 2000 plebitum]
742 1918 899 2003 Corruptus
917 1916 1012 1989 locus,
1032 1936 1116 1997 quem
1137 1912 1246 1977 difficile
1262 1914 1300 1976 est
1314 1914 1388 1977 inte·

422 1998 513 2079 gnitati
533 1997 586 2057 suae
603 1998 725 2059 reddere.
747 1999 867 2059 Fortean
884 1997 1050 2079 legendum,
1066 1998 1115 2056 'hic
1133 1999 1273 2078 ephebitum
1291 1998 1387 2058 mude-

317 2084 322 2121 ἲ
420 2079 506 2152 ravit,
520 2080 562 2137 hic
579 2080 617 2137 ad
632 2080 733 2157 pedica
754 2080 927 2159 adolescenti:
948 2079 1052 2158 quoda
1066 2082 1167 2138 veteris
1181 2078 1317 2159 scripturae
1332 2101 1388 2139 ve·

423 2157 506 2237 stigiis
526 2159 671 2217 minimum
689 2160 808 2231 recedit,
828 2161 913 2220 &ad
933 2158 1091 2219 sententiam
1117 2161 1222 2241 optime
1243 2163 1388 2222 conuenit.

421 2237 567 2320 Uterque,
586 2242 689 2319 inquit,
710 2260 800 2310 amat,
825 2260 873 2301 rex
898 2242 930 2301 ὃ(
944 2260 1065 2320 pauper:
1082 2240 1138 2299 hoc
1161 2239 1289 2314 interest,
1307 2242 1386 2323 quod

421 2319 459 2378 illi
479 2322 514 2381 ad
536 2319 699 2401 obsequium
722 2320 880 2383 adolescens
897 2321 1047 2382 indomitus
1067 2322 1098 2385 dt
1112 2321 1244 2405 agrestis,
1260 2322 1325 2394 vel,
1349 2338 1384 2381 ut

421 2400 555 2464 Martialis
573 2404 647 2473 ait„

464 2516 499 2529 -
514 2482 602 2562 qualis
623 2483 724 2544 Getice
735 2482 855 2565 finiatur
875 2484 938 2543 lallc
956 2482 1077 2565 juvenca

503 2566 653 2625 Sarmatica
670 2566 756 2644 gelido
777 2565 846 2625 ludit
865 2566 893 2624 in
915 2586 988 2624 omne
1007 2583 1083 2625 rora:

297 2638 301 2649 ’
420 2640 463 2703 issi
482 2648 555 2726 regi,
571 2646 736 2725 pulchellus,
751 2646 887 2707 comtulus
896 2690 906 2717 ,
924 2648 1012 2720 ἅμα
1028 2646 1118 2727 inquit
1132 2646 1228 2720 idem,

463 2730 659 2805 -Mytilerraei
677 2731 765 2808 roseus
785 2730 920 2808 mangonis
935 2730 1064 2807 ephebus,

505 2808 556 2865 Vel
574 2830 627 2867 non
647 2809 725 2887 cresus
745 2811 833 2869 adhuc
851 2826 932 2867 zmarre
948 2809 1055 2889 jubente
1078 2808 1176 2871 Lacon.

419 2884 468 2946 Est
488 2906 579 2949 autem
596 2890 746 2969 Ephebitus
763 2888 847 2949 didio
863 2909 939 2949 meta
955 2887 1073 2965 Graeca,
1089 2888 1161 2949 sacla
1177 2911 1212 2950 ex
1233 2885 1332 2964 ’ἔφηβος
1347 2889 1380 2951 dt

338 2996 340 3006 ¹
417 2967 500 3042 lonc,
518 2990 580 3051 quae
604 2969 737 3051 significat
753 2977 870 3051 puerum
887 2969 1036 3052 agrestem,
1054 2974 1102 3044 dt,
1115 2989 1142 3029 ut
1157 2974 1196 3030 ita
1210 2971 1319 3045 dicam,
1331 2972 1382 3029 im·

417 3050 572 3131 petuosum.
587 3053 634 3111 Ad
651 3052 756 3133 paedicri
773 3052 992 3122 adolescentem,
1012 3046 1175 3131 interpretor
1190 3055 1379 3126 meritorium,

417 3132 595 3278 plillarilm
611 3178 621 3208 ,
639 3130 686 3193 seu
707 3133 918 3215 paedr'catoribus
942 3131 1159 3212 obsequentem,
1176 3134 1319 3214 quomodo
1334 3133 1379 3203 du,

415 3230 456 3273 xrt
498 3235 550 3273 rrr

521 3232 541 3297 g
600 3294 905 3377 -u-fidusquciad
924 3294 1016 3354 limina
1036 3296 1138 3377 custos,

415 3392 468 3455 pro
485 3372 601 3435 atriensr.
621 3375 761 3438 Catullus:

458 3456 509 3513 Ad
526 3456 638 3515 lellicam
653 3458 790 3532 ¹homines,

415 3553 470 3616 pro
494 3535 641 3596 lecticariis.
670 3537 845 3619 Propertius:

414 3670 418 3681 ι
455 3618 610 3698 Lygdamus
629 3620 668 3677 ad
684 3622 817 3701 cyathos,

413 3697 443 3759 id
458 3696 513 3772 est,
526 3700 665 3780 pincerna.

456 3780 531 3840 Dein
547 3798 610 3839 certe
628 3779 687 3839 alvi
705 3782 793 3860 &c.]
810 3776 935 3841 Fortasse
945 3779 1108 3863 legendum,
1125 3781 1201 3841 Dein
1214 3783 1292 3842 reule
1308 3783 1376 3848 alui.

415 3858 535 3934 Tetthe,
557 3862 861 3942 aerumnarumque
883 3865 995 3923 nomine
1020 3862 1070 3922 suit
1089 3864 1229 3927 comoedia
1250 3861 1372 3936 Caecilii,

416 3942 542 4001 translata
556 3943 592 4003 ab
607 3942 735 4014 Eubu10,
757 3943 803 4003 vel
821 3943 946 4007 Alexide.
967 3942 1026 4004 Fici
1047 3960 1137 4004 autem
1158 3945 1296 4020 laxando,
1310 3945 1376 4005 mol·

416 4016 564 4108 liendoque
576 4024 642 4087 alvo
656 4026 803 4108 plurimum
822 4016 955 4109 prosunt:
977 4043 1037 4089 turn
1052 4028 1135 4089 etiarn
1153 4027 1270 4088 multum
1281 4029 1312 4091 δὲ
1328 4044 1379 4089 co·
