3209 4967
344 556 348 566 .
446 451 992 560 rusruuuuvr.
1055 540 1075 563 .
1142 459 1205 604 {75
1311 496 1314 515 ·

328 645 396 705 Deli
412 645 533 723 gemellos
551 662 622 705 creta
646 644 744 705 Titano
765 648 841 703 Deos

328 729 436 789 Latona
450 726 536 806 pariit
554 727 622 805 casso
640 726 777 807 complexu
796 726 887 787 Jmis.
996 744 1000 754 ·

248 805 365 871 Graecus
381 808 474 888 opicus
491 804 615 869 dissiliet:

288 889 331 949 'Er
349 888 435 966 Asino
457 888 537 951 Λητὼ
558 886 718 965 calumum
737 887 860 969 γείνατο
881 884 997 961 miride,

287 970 397 1031 Τιτηνὶς
417 967 658 1050 xuprc'cotmmd
678 969 817 1047 φιλότητι
835 972 972 1052 μιγεῖσα.
992 970 1128 1033 Scina.

286 1052 334 1110 lin.
353 1069 377 1128 ς.
398 1055 427 1113 0.
438 1054 529 1133 strnllc
546 1052 678 1131 Apollo]
694 1050 802 1111 Plenius
822 1051 896 1132 apud
912 1050 1096 1113 Ciceronem:

292 1133 319 1189 0
331 1132 420 1209 [anile
437 1130 557 1210 Apollo,
572 1134 617 1212 qui
631 1132 780 1191 umbilicum
795 1152 889 1193 certum
906 1153 1029 1193 terrarum
1049 1133 1160 1210 obfides:

292 1217 369 1273 Unde
380 1212 556 1294 firperslitr'osa
573 1213 684 1294 primum
701 1216 783 1294 euafic
798 1236 852 1275 vox
868 1212 938 1295 fera.

247 1294 339 1375 ltasssd
360 1295 496 1355 verbum:

288 1373 323 1433 Ὠ
344 1373 420 1447 Φοῖβ’
441 1373 607 1447 'Amitinum
627 1371 686 1456 piis
705 1376 885 1455 μεσόμφαλοι
907 1372 1051 1454 succurit,v

286 1445 371 1519 Ὅθεν
388 1461 423 1516 cb
443 1455 553 1536 medicor
575 1455 697 1531 θέσφατ’
716 1456 848 1536 ἐχρήσθη
870 1457 987 1536 βροτοῖς.

247 1536 468 1678 Spperllitiosum
490 1553 601 1611 autem,
618 1540 653 1601 sb
666 1536 755 1602 ἔνθεον
770 1538 821 1599 mr
839 1542 990 1615 θέσφατον.
1007 1538 1117 1601 Plautus
1138 1534 1210 1601 Cur·

248 1642 264 1679 c
293 1640 372 1680 rone:
481 1676 485 1681 .
1201 1638 1206 1648 '

330 1691 525 1781 'Superstitiosus
541 1700 700 1780 sicquidem
719 1700 766 1782 cll:
791 1722 855 1761 vera
867 1700 1005 1783 prcdicat.

247 1780 318 1841 Item
339 1781 367 1838 in
387 1780 534 1842 Rudente:

161 1916 166 1923 .
333 1863 410 1941 Quid
421 1864 450 1939 fi
466 1863 515 1944 isla
534 1878 583 1920 aut
597 1860 775 1944 firpcrstitiofiz
794 1878 843 1923 auc
862 1860 947 1923 oriola
965 1862 1023 1943 est?

248 1940 286 2005 Et
303 1941 470 2006 Cassandra:
684 2005 688 2014 ¹

332 2023 417 2103 Miffa
432 2022 492 2098 firm
505 2018 687 2104 firperflitiofic
707 2020 1072 2090 ariolasiombus.scri1o.

290 2104 336 2165 lin.
362 2126 391 2185 9.
409 2106 502 2181 Neque
523 2104 565 2164 liic
579 2103 688 2183 locun]
707 2102 797 2163 Vetus
812 2106 906 2184 opinio
924 2104 962 2165 ell
979 2127 1035 2166 non
1052 2104 1139 2167 modo
1148 2106 1212 2170 vul-

250 2186 296 2266 gi,
313 2184 459 2245 sedetiam
482 2186 626 2246 hominum
647 2182 885 2261 doctissimorum,
904 2188 1017 2268 corporis
1035 2189 1142 2248 humani
1156 2206 1217 2248 me-·

250 2268 321 2326 dium
342 2265 389 2346 effe
404 2265 572 2329 umbilicum.-
591 2287 625 2325 ex
647 2286 702 2347 qua
722 2268 857 2346 opinione
879 2269 1022 2341 manavit,
1043 2270 1070 2328 in
1087 2270 1214 2351 regioni-

250 2348 303 2407 bus
317 2364 448 2407 terrarum
466 2345 488 2406 st
505 2348 553 2427 qui
568 2348 646 2407 locus
667 2347 773 2407 medius
792 2346 874 2421 elles,
889 2350 912 2407 is
933 2367 962 2409 ut
981 2350 1114 2409 diceretur
1130 2351 1214 2408 umbi·

253 2430 339 2503 licus,
356 2426 458 2489 Graece
478 2426 616 2506 ὀμφαλός.
630 2426 676 2489 Sic
693 2430 720 2487 in
735 2425 828 2487 Sicilia
843 2434 920 2509 prata
939 2430 1012 2489 cirta
1030 2429 1155 2503 Ennium,
1166 2432 1214 2491 ubi

251 2508 413 2590 Proserpina
430 2510 516 2578 sertus¹
531 2533 547 2568 a
562 2509 674 2570 Plutone
694 2525 789 2587 rapta3
813 2513 876 2589 quia
894 2511 1074 2570 credebantur
1092 2512 1214 2572 medium

251 2589 348 2650 Siciliae
365 2608 476 2667 tenere,
497 2590 561 2650 idco
580 2591 716 2649 umbilicus
734 2587 834 2649 Sicilire
852 2592 1071 2670 appellabanmr‚
1087 2609 1116 2651 ut
1133 2590 1214 2653 refert

251 2670 400 2731 Diodorus
414 2670 520 2731 Siculus
530 2670 587 2731 lib.
611 2691 636 2751 5.
657 2670 688 2731 ln
708 2668 901 2750 Peloponneso
920 2671 996 2730 locus
1039 2672 1131 2733 uidam
1148 2673 1214 2733 illius

251 2753 372 2833 regionis
397 2753 524 2825 medius,
548 2753 675 2827 impersit
695 2751 866 2822 vocabatur,
894 2750 1004 2813 auctore
1018 2693 1165 2814 Pausania.
1181 2755 1214 2816 ln

252 2852 321 2914 agro
347 2832 466 2893 Reatino
486 2831 593 2893 Cutiliae
616 2831 724 2901 lacum,
747 2834 857 2911 inquo
884 2831 993 2892 llusluet
1011 2833 1108 2905 insula,
1131 2835 1215 2895 ltaliae
1325 2882 1329 2887 -

253 2916 403 2974 umbilicum
414 2916 457 2975 M.
473 2913 564 2973 Varro
572 2914 735 2974 nominavit.
750 2910 878 2971 Similiter
895 2912 998 2993 Delphi
1014 2916 1151 2976 umbilicus
1161 2932 1215 2975 ter.

253 3016 345 3055 rarum
355 3043 365 3068 ‚
376 2997 408 3057 &
426 2994 476 3058 mis
489 2992 548 3076 pile
564 2996 690 3071 lumchis
706 2995 887 3052 vocabantur.
901 2991 965 3053 Liv.
980 2994 1026 3056 lib.
1047 2995 1102 3075 38:
1122 2998 1216 3056 Etiam

254 3077 378 3156 Delphos
399 3074 529 3156 quondam
545 3096 674 3134 commune
691 3075 798 3135 humani
820 3076 922 3153 generis
941 3076 1092 3147 oraculum,
1112 3078 1216 3139 umbili-

254 3180 312 3216 cum
334 3159 405 3217 orbis
423 3176 562 3229 terrarum,
580 3157 658 3215 Galli
666 3156 845 3236 spoliaverunt
853 3177 867 3228 ,·
883 3157 913 3217 δι
927 3154 973 3214 lib.
993 3176 1046 3238 51:
1068 3161 1108 3217 Ut
1120 3176 1216 3240 repente

255 3238 285 3297 irs
305 3240 386 3299 medio
405 3240 526 3298 umbilico
551 3238 658 3297 Gr'aeciae
678 3237 879 3317 conspiceretur,
893 3236 1013 3316 Delphos
1029 3238 1215 3318 ascendir.·At

257 3319 350 3380 Varro
364 3339 444 3397 negat
454 3338 602 3399 utrumque
611 3341 618 3378 :
627 3339 715 3397 neque
728 3318 856 3393 Delphos
870 3316 923 3376 elle
936 3333 1069 3378 terrarum
1081 3320 1215 3393 medium,

254 3397 1046 3561 l{lffilllllllcllllplt‘llilllllllllcl
1056 3402 1216 3542 llll}

255 3563 372 3624 thesauri
387 3564 501 3643 publici,
517 3562 592 3643 quod
610 3563 736 3639 iuncum
755 3561 938 3641 appellatura
958 3563 1138 3635 rotunditate,
1159 3584 1216 3623 non

255 3644 335 3725 quod
350 3643 426 3703 locus
443 3645 486 3704 ille
500 3643 531 3703 srt
547 3664 679 3721 tectarum
696 3642 812 3703 medius.
828 3641 860 3702 ln
878 3642 992 3703 homine
1006 3664 1076 3705 vero
1094 3643 1216 3703 medium

256 3722 298 3787 est
312 3724 360 3798 id,
375 3745 432 3805 quo
444 3725 599 3785 discernitur
613 3724 709 3796 homo,
724 3744 785 3782 mas
797 3744 833 3782 an
845 3722 949 3783 femina
963 3722 1004 3783 stt.
1020 3724 1115 3803 ltaque
1132 3726 1217 3805 pingi·

257 3827 304 3867 tur
317 3807 364 3886 qui
382 3800 525 3866 vocaturi
544 3804 629 3883 χθὼν
644 3802 820 3885 Πυὲαγόρω,
830 3806 868 3863 ita
882 3818 911 3862 ut
926 3805 1016 3865 media
1028 3803 1098 3863 linea
1113 3805 1170 3863 caeli
1185 3806 1218 3867 δι

257 3907 337 3949 terrae
351 3886 465 3947 ducatur
479 3886 550 3945 insta
563 3886 741 3955 umbilicum,
758 3887 786 3943 in
803 3886 883 3963 pubis
902 3882 1001 3943 ollium
1017 3884 1128 3946 coalitu.
1146 3882 1220 3945 Ter·

259 3971 382 4032 cacum
396 3986 497 4051 corpus
517 3964 576 4041 cst,
593 3986 679 4048 etque
695 3967 782 4028 arsibit
798 3969 831 4029 δι
845 3964 958 4027 includit
971 3968 1000 4025 in
1011 3964 1104 4029 medio
1120 3967 1217 4031 caelrrm
1263 4045 1267 4054 ι
