3209 4967
478 493 1063 610 turrinorum¹
1171 512 1220 588 29

264 652 342 712 binas
369 653 496 735 regiones
520 652 597 711 urbis
619 670 786 733 unaquaeque
804 653 905 711 cohors
924 665 1038 711 tueatur.
1065 648 1154 712 Dion.
1174 653 1225 724 lun

259 754 302 815 '55
322 732 425 794 Histor.
449 735 499 793 nul
516 731 573 800 τῶν
600 732 763 815 deprimor
790 731 844 794 τῶν
868 753 902 793 τε
920 730 1093 812 στρατηγῶν
1115 734 1222 795 πᾶσαν

228 823 232 833 '
265 816 315 873 cir
333 811 417 875 πόλιν
442 814 482 875 eis
507 814 713 895 detorsuam
730 814 797 896 μέρη
815 812 1000 891 repressores,
1018 811 1112 895 κλήρῳ
1129 835 1222 895 opere

240 919 247 925 ·
266 894 451 973 ταχθέντων,
471 894 550 956 inei
568 894 612 958 νῦν
627 895 776 977 γίγνετοιι.
799 895 928 956 ΡΟΡΜΛ.
1018 921 1021 926 ·

303 978 350 1035 lin.
372 995 419 1055 25.
442 978 558 1055 Coelio]
584 976 673 1057 Marg.
691 974 761 1037 Scal.
781 977 854 1037 calc.

304 1056 351 1117 lin.
369 1077 416 1137 27,
433 1058 495 1138 120st
511 1057 730 1137 foliolium]
745 1058 837 1139 Marg
859 1054 958 1137 Scalig.
976 1056 1065 1117 Colis.

636 1182 759 1317 Pagina
804 1244 859 1316 ¹5·

304 1344 349 1406 in.
366 1368 382 1407 2
400 1345 440 1429 sq.
456 1350 519 1409 Cum
530 1348 607 1410 Coelio
623 1347 763 1429 conjunriae
776 1349 878 1409 Carino
895 1346 975 1430 duc]
985 1347 1108 1430 Reperio
1122 1350 1221 1416 eriam:

265 1442 321 1485 cum
334 1430 412 1489 Coelio
427 1428 580 1508 conjunslim
598 1431 700 1491 Carina
711 1428 757 1503 ,se
769 1428 838 1487 inter
850 1452 896 1489 ear
912 1453 984 1511 quem
1000 1431 1083 1490 locum
1095 1433 1223 1491 Cerolien-

259 1508 314 1586 sem
325 1510 481 1589 appellatum
497 1528 613 1594 apparet.
626 1505 702 1571 Cum
713 1526 806 1569 autem
823 1510 906 1583 dicit,
914 1512 1004 1592 primae
1016 1512 1129 1591 regionis
1145 1536 1222 1592 quar.

264 1606 318 1645 rum
326 1590 491 1669 sacrarium,
509 1613 594 1654 unum
619 1612 653 1651 ex
672 1590 773 1671 Argeis
801 1591 931 1673 intelligit.
957 1593 1039 1671 Argei
1056 1613 1140 1674 porro
1160 1594 1222 1654 loca

264 1687 341 1741 erant
358 1672 386 1729 in
403 1672 469 1733 urbe
486 1694 504 1731 a
517 1670 612 1733 Numa
630 1672 803 1747 consecrata,
821 1673 870 1731 ubi
888 1672 963 1733 sacra
980 1671 1102 1749 fiebant,
1123 1689 1154 1734 ut
1171 1696 1221 1735 au·

263 1748 372 1811 slorest
393 1750 496 1813 Livius.
510 1754 665 1815 TURNEB.

304 1845 350 1905 lin.
368 1862 392 1922 3.
412 1846 505 1925 Ean]
521 1846 613 1926 Marg.
637 1842 736 1925 Scalig.
759 1864 815 1905 eos.

302 1924 348 1983 lin.
368 1946 381 2005 5
398 1924 436 2005 sq.
448 1927 604 2005 Quarriceps
619 1926 688 1984 circa
705 1926 890 2005 Minervium]
906 1925 1076 1989 Minervium
1087 1927 1223 2007 templum'

262 2003 302 2065 est
313 2004 460 2079 Minervae,
469 2024 497 2065 ut
509 2008 657 2075 Dianium,
668 2004 777 2067 Dianae.
790 2008 961 2066 Minervium
974 2026 1109 2087 quoquea
1122 2008 1228 2071 νίξὶοιι
1252 2034 1256 2042 ’

263 2106 310 2158 re,
326 2086 387 2159 vel,
398 2102 436 2145 ut„
444 2086 488 2145 alii
506 2086 626 2160 malunt,
639 2086 731 2159 Ruso,
749 2089 857 2167 ponitur
872 2088 906 2145 ‚in
921 2108 994 2147 nona
1011 2090 1085 2147 urbis
1100 2092 1221 2171 regione.

263 2164 395 2227 Ceterum
415 2168 560 2247 quarriceps
581 2188 644 2227 cum
661 2168 776 2241 dicitur,
797 2168 829 2228 ὅ(
846 2169 978 2247 reniceps,
995 2168 1017 2228 sr
1036 2168 1221 2232 Volaterrano

221 2312 223 2317 ,
263 2246 599 2329 credimus,s1gnificatur
617 2248 750 2327 Quatuor
764 2248 811 2308 riel
826 2265 881 2307 tres
900 2252 1019 2308 vertices
1032 2250 1143 2320 habens.
1166 2252 1222 2313 Cui

262 2328 424 2407 expositioni
446 2349 503 2388 non
525 2328 669 2405 assentior,
685 2351 749 2389 cum
768 2330 861 2408 potius
875 2330 1037 2410 intelligatur
1059 2336 1152 2391 tertius
1173 2349 1222 2401 aut

261 2430 372 2487 quartus
389 2421 485 2480 mons,
503 2430 564 2490 pars
584 2410 613 2469 ἃ
625 2430 715 2491 caput.
733 2410 828 2489 ltaque
846 2410 883 2469 ad
904 2412 1029 2471 ordinem
1045 2410 1105 2471 sunr
1123 2411 1170 2472 ista
1181 2434 1222 2473 re·

263 2490 398 2563 serenda,
421 2512 450 2551 ut
474 2493 504 2550 in
524 2490 669 2551 Suburana
692 2494 801 2572 regione
822 2490 947 2564 constat,
967 2493 994 2550 in
1019 2513 1074 2573 qua
1096 2496 1223 2573 princeps
1266 2509 1275 2521 ·

262 2588 319 2629 erat
336 2570 463 2645 Coelius,
485 2570 585 2631 deinde
606 2570 760 2645 Coriolos,
780 2594 848 2631 mox
874 2572 1002 2647 Carinae,
1017 2575 1047 2633 δι
1065 2576 1223 2653 quarriceps

262 2651 436 2713 Cerolieusrs.
452 2650 507 2711 Sed
523 2653 552 2713 &
571 2652 607 2711 ad
626 2654 752 2713 ordinem
768 2652 818 2711 issa
835 2652 975 2712 referenda
991 2651 1222 2726 esse,1ostendunt
1244 2715 1249 2736 x

247 2731 364 2810 'liquido
387 2754 439 2805 ea,
460 2752 521 2813 quae
546 2732 647 2793 Varro
664 2734 699 2795 de
716 2732 841 2814 Esquiliis
867 2732 973 2807 scribit,
990 2754 1025 2794 ne
1046 2733 1166 2815 pluribus
1190 2734 1220 2795 id

261 2812 360 2871 docere
374 2833 467 2874 coner.
486 2814 640 2875 TURNEB.

229 2914 230 2921 ’
300 2902 345 2962 lin.
366 2924 395 2981 7.
416 2905 563 2983 Cerolirnsts
580 2926 599 2961 a
623 2904 768 2985 carinarum
784 2902 878 2985 junslu
896 2904 979 2965 dium
998 2906 1119 2980 carinae,
1133 2907 1221 2987 possea

263 2984 409 3064 certante]
425 2986 527 3066 Lego:
545 2985 696 3064 Cerolienfis
709 3008 727 3045 a
751 2986 899 3047 carinarum
917 2983 1010 3063 juniiu
1033 2988 1116 3045 dibirrs
1145 2990 1221 3047 Cari·

259 3084 315 3138 rrae,
340 3068 427 3147 postea
447 3066 559 3127 Cerolia.
580 3065 635 3125 Hic
657 3084 750 3127 aurern
776 3065 849 3149 (nisi
869 3066 972 3139 salsus,
995 3086 1026 3129 ur
1050 3068 1225 3146 saepenume·

155 3168 160 3175 ·
258 3164 311 3216 ro,
333 3165 418 3227 augur
434 3146 516 3223 sum)
539 3146 664 3207 Cerolirm
684 3147 793 3209 videtur
807 3147 927 3206 indicare
941 3148 1221 3232 appellatamartr'tprr

260 3226 337 3305 quod
354 3229 393 3285 ibi
412 3246 494 3308 caput
515 3226 579 3288 ellet
596 3226 686 3289 Sacrae
699 3226 934 3289 viae.Tu1trtuu.
1019 3293 1021 3298 ,

299 3307 345 3368 lin.
360 3329 389 3389 9.
408 3309 547 3388 Streniae.]
562 3310 653 3392 Marg.
666 3308 763 3392 Scalig.
780 3311 908 3372 Srireniae.
1327 3351 1329 3354 -

300 3388 347 3447 lin.
373 3408 419 3449 10.
444 3392 507 3467 Qua
521 3397 600 3471 sacra
623 3408 746 3471 quotquot
766 3390 890 3468 menfibus
904 3390 1025 3469 ferunrru
1045 3392 1075 3451 in
1098 3400 1215 3474 arcem]

244 3467 352 3547 ,Quod
367 3470 412 3531 lu'c
429 3487 566 3551 quotquot
591 3469 729 3531 mensibus
750 3470 824 3531 sacra
840 3472 869 3528 in
888 3490 980 3531 arcem
998 3494 1046 3553 per
1064 3475 1141 3533 viam
1162 3472 1219 3533 sa-
1339 3468 1343 3474 ’

259 3568 333 3607 cram
355 3550 419 3609 dicit
445 3550 507 3609 ferri
528 3552 637 3625 Varro,
655 3551 684 3612 id
701 3551 904 3633 intelligendum
930 3555 1091 3614 crediderim
1114 3555 1148 3614 de
1175 3554 1219 3613 su-

260 3629 313 3687 cris
331 3628 458 3691 Idulibus.
478 3630 553 3691 Nam
568 3631 661 3693 Idibus
679 3630 927 3695 sacerdotessacra
940 3635 968 3693 in
986 3655 1078 3695 arcem
1095 3634 1218 3695 ferebant

259 3710 297 3768 rei
320 3708 420 3771 divinae
444 3714 534 3773 causa.
557 3714 605 3774 nd
629 3734 690 3775 eam
717 3712 826 3775 forcalle
853 3713 1073 3778 consuetudinem
1101 3714 1217 3797 respexit

258 3786 392 3864 Flaccus,
412 3812 476 3852 cum
489 3792 608 3875 scripsit:
629 3856 634 3865 ,
656 3812 660 3833 ·
1143 3808 1147 3815 ’

448 3906 568 3922 ---
580 3876 656 3935 Dum
676 3876 832 3955 Capitolium

297 3953 414 4015 Scarder
430 3974 487 4016 cum
508 3955 592 4018 racira
608 3958 709 4040 virgine
730 3956 865 4041 ponriftx.
884 3956 1037 4021 Tuuuu'u.
