3209 4967
413 410 484 567 '372
749 474 1043 546 NOTAE

420 674 424 681 -
455 632 596 693 Addamus
614 630 643 686 in
657 628 795 711 bulgum]
819 630 906 711 Bolga
919 626 959 689 est
977 630 1111 690 folliculus
1132 629 1270 704 scorteos,
1283 620 1401 714 inquo

413 710 535 773 seruntur
551 712 672 782 nummi,
689 729 736 770 aut
755 711 868 772 cibaria.
880 710 935 771 Sed
948 712 980 771 ἃ
992 732 1048 791 pro
1063 730 1159 772 verttte
1181 714 1341 794 accipitu13
1361 734 1398 775 ut
1433 716 1438 724 '

413 795 490 873 apud
504 791 656 853 Lucilium:

453 888 497 945 Ita
512 886 656 965 utquisque
665 886 774 965 noflrrint
787 908 800 943 e
815 886 894 967 bulga
905 885 1042 965 estuatrt’s
1059 886 1089 942 in
1105 887 1187 945 lucem
1199 887 1296 947 editos.

410 976 487 1036 Hinc
510 979 605 1037 Varro
628 975 726 1037 festive
747 978 801 1047 ait,
822 976 964 1036 Nummos
986 976 1088 1036 addere
1110 980 1137 1034 in
1158 978 1288 1059 bulgam,
1309 999 1390 1057 pro,

409 1060 437 1119 in
454 1058 547 1118 loculis
572 1079 719 1139 reponere,
738 1057 785 1117 vel
810 1059 840 1115 in
862 1078 989 1117 ventrem
1012 1058 1175 1131 demittere3
1194 1060 1270 1139 quast
1288 1060 1393 1135 dicat,

410 1140 508 1198 melius
531 1138 585 1197 elle
608 1160 738 1198 nummos
755 1138 885 1213 edendo,
908 1160 993 1219 quam
1015 1138 1138 1199 bibendo
1154 1141 1334 1214 consumere,
1352 1160 1391 1201 ut

412 1217 553 1279 Plautinus
568 1218 695 1282 Saturio:

452 1314 528 1375 Nolo
549 1316 578 1374 in
597 1315 706 1390 vestram
727 1312 798 1391 quod
815 1328 874 1384 eat,
895 1311 925 1370 in
944 1328 1057 1371 ventrem
1078 1312 1149 1373 volo.

450 1411 516 1468 Non
533 1411 586 1467 lar
600 1414 676 1485 res]
694 1404 845 1465 Priscianus
864 1406 911 1464 lib.
926 1406 945 1466 6
962 1406 1023 1465 ltaec
1039 1407 1127 1466 verba
1140 1406 1284 1469 adducite
1304 1409 1386 1469 Var-

408 1492 484 1551 ronis
499 1491 534 1549 de
553 1488 740 1547 Numismatis.
759 1486 867 1549 Eoruro
884 1486 992 1546 sensum
1007 1507 1076 1567 puto
1098 1486 1167 1547 elle:
1183 1488 1253 1549 Non
1272 1508 1332 1549 tarn
1346 1494 1384 1551 li·

408 1571 493 1643 bido,
511 1590 596 1650 quam
608 1568 742 1649 cupiditas
779 1567 880 1629 ecumae
894 1568 977 1641 facit,
989 1589 1019 1629 ut
1033 1570 1132 1648 puella
1145 1618 1154 1646 ‚
1166 1590 1228 1650 quae
1240 1570 1298 1630 suot
1308 1593 1385 1632 ocu·

407 1654 440 1713 lis
457 1654 536 1733 paetis
555 1653 585 1712 dt
599 1652 729 1732 integris,
747 1591 816 1708 dinc
835 1648 931 1709 straba
952 1649 983 1709 &
1002 1651 1136 1713 unoculae.
1156 1652 1224 1709 dum
1241 1654 1315 1711 enim
1330 1674 1384 1711 ca.

407 1750 488 1815 ptant
505 1733 542 1793 ab
559 1734 729 1791 amatoribus
750 1752 899 1801 nummos,
915 1731 947 1790 δι
963 1730 999 1788 ad
1014 1751 1063 1789 eos
1084 1730 1198 1791 subinde
1214 1735 1310 1793 oculos
1331 1755 1381 1793 re·

407 1829 559 1894 torquent,
574 1810 671 1873 lirabae
691 1811 847 1872 efficiuntur
869 1809 1082 1892 drepipboenuot.
1106 1810 1183 1871 Nam
1198 1815 1246 1892 qui
1262 1835 1318 1873 nou
1332 1816 1381 1872 in-

406 1895 464 1955 hiat
485 1897 648 1975 pecuniam,
669 1914 720 1953 nec
745 1896 853 1975 angitur
874 1893 1023 1971 cupiditate
1041 1893 1183 1966 habendi,
1199 1896 1241 1952 uic
1258 1895 1382 1974 ingentes

406 1972 483 2035 oculo
492 1980 610 2034 inretorto
623 1966 727 2055 Spt'ilat
741 1997 865 2049 acervos,
880 1976 967 2054 inquit
984 1973 1126 2034 Horatius,
1137 1974 1212 2035 Vide
1225 1975 1381 2037 Fletibula.

451 2066 778 2147 OEnlt’orntnsnnn]
808 2068 842 2129 Et
872 2084 1079 2149 argumentum,
1100 2069 1131 2129 dt
1152 2070 1220 2128 tituli
1240 2070 1309 2128 ratio
1324 2070 1381 2129 ob-

404 2147 484 2207 scura
501 2150 584 2207 milti:
604 2147 654 2206 nist
675 2147 713 2207 est
728 2148 763 2207 de
779 2148 885 2207 nesario
902 2148 1067 2219 concubitu,
1084 2169 1142 2227 quo
1161 2148 1276 2209 infames
1292 2150 1380 2213 OEdi.

405 2250 458 2309 pus
473 2230 504 2289 δι
523 2226 677 2308 Τὴγείὶεε;
696 2222 740 2287 ille
760 2244 904 2301 materno,
922 2228 966 2289 bic
989 2228 1071 2301 filiae;
1087 2235 1119 2289 δι
1136 2252 1171 2289 ex
1188 2251 1246 2311 quo
1261 2248 1379 2312 uterque

405 2310 489 2369 sacrae
506 2311 590 2391 prolis
609 2308 705 2369 infelix
722 2328 830 2387 parens.

448 2407 481 2465 Si
518 2406 562 2463 uis
586 2404 758 2484 mentiris]
787 2403 946 2464 Melodinus
964 2428 982 2465 a
1001 2405 1142 2479 melodia,
1168 2425 1199 2466 ut
1222 2407 1340 2467 'libinus
1357 2428 1378 2467 a

406 2486 491 2561 tibia,
532 2485 723 2562 nomnibus,
741 2484 791 2545 nist
809 2486 863 2568 leg.
882 2485 1024 2563 pemseia
1037 2492 1077 2567 fit
1094 2487 1155 2549 'lios
1174 2486 1271 2570 tipus.

780 2677 902 2775 Pagina
921 2682 1001 2777 296.

339 2883 342 2887 .
448 2826 581 2887 Phorieia
594 2826 685 2907 sum]
708 2826 756 2887 Est
772 2828 930 2888 encomium
951 2827 1072 2888 mulieris
1085 2827 1218 2909 psaltria,
1237 2846 1298 2907 quae
1315 2829 1373 2887 aliis

310 2916 313 2925 “
408 2924 493 2969 cantu
511 2911 605 2989 praeit,
620 2910 652 2970 δί
671 2911 840 2968 cantantium
858 2908 884 2967 se
901 2909 1005 2988 gallum
1032 2909 1213 2989 gallinaceum
1238 2911 1310 2968 dicit.
1327 2910 1374 2969 alii

406 3008 503 3070 putant
525 2988 710 3050 circumscribi
726 3010 826 3049 munus
849 2990 1001 3071 phonasci,
1019 2992 1051 3051 &
1071 3012 1104 3049 ea
1120 2989 1273 3071 relegunt,
1291 2991 1370 3049 Pho·

406 3070 622 3151 nascusadfirm.
837 3093 841 3097 ’

446 3166 536 3241 Quam
549 3161 689 3245 mobilem]
711 3164 830 3226 Videtur
843 3162 1009 3244 legendum,
1025 3164 1117 3242 lyram
1126 3164 1245 3225 nobilem.

450 3256 543 3314 Dicor:
569 3257 652 3314 Porro
677 3258 702 3313 r's
718 3256 777 3333 fuit
794 3255 939 3333 Ennius]
962 3254 1060 3319 Malim
1079 3258 1218 3337 bicorporis
1232 3257 1292 3339 suit
1309 3259 1368 3317 En-

406 3337 484 3405 nius,
503 3351 533 3393 ut
555 3334 587 3393 fir
609 3335 755 3417 aphnutius
779 3337 919 3397 insolentis
944 3337 1027 3411 dini,
1047 3338 1073 3397 se
1095 3338 1148 3397 elle
1162 3337 1315 3399 Pacuvium
1337 3343 1369 3401 ὃ(

343 3414 348 3426 '
407 3414 583 3494 Pompilium.
604 3416 685 3475 Dixit
706 3434 798 3478 autem
819 3416 942 3493 Ennius,
963 3420 1084 3479 animam
1103 3419 1218 3480 Homeri
1236 3438 1369 3481 mutatam

407 3492 462 3558 elle
479 3498 505 3554 in
523 3516 664 3575 pavonem
680 3501 758 3559 nuris
774 3497 1014 3580 μετεμψὺχωσιν
1030 3498 1213 3583 Pythagoras:
1228 3500 1327 3563 deinde
1341 3503 1369 3559 in

406 3575 488 3659 ipsius
507 3598 605 3659 corpus
618 3575 767 3639 insmualle.
787 3578 912 3642 Persius:

451 3676 500 3733 cor
509 3672 585 3754 jubet
602 3676 650 3733 hoc
670 3676 762 3745 Enni,
779 3676 913 3755 postquam
933 3677 1062 3757 destertuit
1080 3676 1127 3756 effi

446 3766 613 3840 Moeonides,
632 3765 750 3846 Quintus
766 3787 873 3845 pavone
892 3788 927 3826 ex
947 3769 1123 3848 Pythagoreo.

424 3912 430 3921 ,
448 3863 588 3941 Musarum
608 3861 793 3940 Pompilium]
815 3860 860 3920 An
880 3858 919 3919 est
940 3858 1090 3943 Pompilius
1110 3865 1213 3942 poeta?
1232 3864 1369 3937 cujusce.

408 3939 542 4005 {limonio
554 3945 639 4005 utitur
654 3942 699 4007 lib.
716 3943 734 4006 6
750 3942 785 4003 de
804 3940 881 4024 Ling.
898 3940 961 4005 lat.
975 3965 1013 4006 an
1026 3942 1119 4006 Numa
1137 3944 1286 4027 Pompilius
1300 3965 1348 4007 rex
1356 3990 1370 4040 7
1392 3977 1395 3984 ·

852 4174 854 4177 y
961 4115 974 4155 Ι
