3209 4967
420 504 492 601 m
757 500 1048 575 Nora

455 659 527 721 Pari
542 660 620 739 hujus
637 658 720 741 δια]
739 658 842 732 Forte,
856 658 939 719 Pan·
954 656 1046 738 bajus.
1062 655 1216 749 spmltuit
1235 658 1387 721 nascuntur

419 744 498 823 pueri
513 742 549 801 de
562 738 667 801 unifica
678 759 726 801 aut
736 762 862 801 nmero.

458 824 493 883 In
507 821 698 905 argumentis]
721 823 765 883 M.
786 822 920 881 Varronis
938 822 1019 881 unius
1034 820 1161 881 omnium
1175 818 1321 880 doffiffiroi
1334 822 1382 895 jo-

418 904 540 976 dicium,
555 902 631 985 quod
645 904 680 963 de
697 904 787 965 tribus
798 902 924 965 Cornicis
933 903 1038 963 latinis
1053 902 1107 961 lroc
1121 903 1186 963 loco
1198 901 1281 974 fecit,
1293 901 1385 961 veris·

417 982 517 1043 timum
533 984 634 1045 censeri
648 986 747 1045 merito
762 984 855 1044 debet.
871 983 927 1045 sed
941 984 979 1043 de
992 981 1108 1045 Caecilio
1120 984 1201 1043 nobis
1213 980 1323 1042 difficile
1338 980 1380 1043 est

416 1062 571 1137 affirmare,
585 1065 685 1145 quibos
704 1067 805 1141 injuria
820 1082 977 1144 temporrun
991 1062 1041 1125 vel
1061 1062 1119 1143 ipsa
1136 1084 1228 1123 rerum
1240 1062 1384 1122 (ουὶεᾶτί-

416 1165 451 1205 ce
465 1142 615 1219 vetustate,
630 1164 734 1205 'omnes
752 1147 822 1205 illius
843 1145 943 1205 ubuae
967 1146 1113 1225 perierunt.
1130 1142 1179 1204 De
1191 1141 1327 1203 Terentio
1345 1144 1379 1204 &

417 1224 517 1287 Plauto
529 1224 653 1305 ipsorum
671 1224 827 1305 superstites
849 1224 997 1286 comoediae
1013 1224 1078 1285 satis
1091 1225 1229 1297 indicant,
1245 1245 1328 1303 quam
1342 1223 1379 1286 fit

415 1306 483 1367 alter
500 1306 619 1388 polinis,
639 1304 742 1379 callus,
763 1308 792 1365 in
813 1304 958 1389 effigendis
972 1308 1115 1379 moribus,
1132 1306 1165 1367 δι
1179 1304 1300 1386 personis
1315 1308 1378 1385 qoi-

415 1386 521 1467 busque
543 1387 788 1448 accommodandis
812 1387 927 1469 gravis;
950 1388 1019 1447 alter
1035 1386 1142 1459 facilis,
1157 1385 1303 1467 copiosus,
1319 1407 1377 1446 va-

416 1470 491 1528 rius:
517 1486 548 1527 ut
574 1489 633 1527 non
655 1467 713 1528 stne
740 1470 847 1535 ratione
873 1466 1020 1529 dottiffimi
1046 1483 1154 1527 veteres
1180 1467 1378 1543 judicaverim,

412 1549 486 1609 illius
503 1548 659 1610 comedin
676 1569 778 1631 magna
794 1572 830 1611 ex
845 1566 921 1630 parte
935 1546 1050 1609 aLaelio
1064 1565 1147 1628 atque
1167 1547 1320 1623 Africano,
1333 1549 1378 1607 vi-

412 1631 450 1691 ris
463 1627 642 1711 graviffimis‚
659 1630 813 1709 expolitas,
827 1628 875 1689 vel
889 1630 973 1689 etiam
986 1627 1126 1689 confeflas
1141 1628 1214 1703 elle;
1228 1626 1308 1709 hujus
1322 1627 1378 1689 ser·

414 1731 498 1773 mone
515 1708 609 1771 Musas
624 1713 761 1771 lucuturas
776 1710 854 1771 suille
865 1752 875 1782 ,
888 1708 909 1768 fi
924 1708 1022 1770 Latine
1035 1710 1111 1790 loqui
1130 1710 1243 1771 vellent.

454 1797 529 1854 ΠΕΡΙ
538 1797 730 1871 nummu]
742 1792 811 1853 Hrec
820 1790 920 1871 satyra
935 1789 1040 1852 inceffir
1057 1789 1249 1870 philosophos,
1261 1791 1307 1871 qui
1314 1811 1376 1850 ma.

413 1891 468 1954 gna
483 1874 658 1933 contentione
673 1876 705 1935 δι
721 1875 856 1935 varietate
868 1873 1033 1952 opinionum
1052 1875 1124 1933 inter
1137 1870 1165 1931 se
1181 1872 1329 1953 disceptant
1338 1871 1375 1935 de

411 1954 510 2013 ulrimo
523 1952 578 2015 srne
595 1954 755 2030 bonorum,
769 1954 896 2035 adquem
908 1953 1010 2019 debent
1026 1973 1124 2015 omnes
1137 1950 1301 2015 afflone&
1311 1972 1376 2015 coo-

415 2031 472 2095 filia
490 2038 558 2095 vitae
571 2034 674 2095 referri.
1197 2074 1203 2082 -

454 2116 545 2195 Neque
563 2113 593 2173 in
613 2117 716 2196 polum
729 2116 881 2196 mythico]
901 2114 1043 2197 Significat
1062 2136 1105 2175 res
1120 2134 1223 2199 graves
1242 2117 1275 2179 &
1295 2115 1375 2177 serias
1504 2107 1505 2150 3

411 2194 601 2257 vastaturum.
625 2196 759 2277 loquitur
784 2212 879 2257 autem
904 2198 1021 2269 viator,
1045 2199 1092 2277 qui
1114 2214 1244 2275 tanquam
1264 2198 1375 2276 longam

412 2276 490 2334 viam
510 2275 699 2349 confeiiurus,
719 2278 748 2336 in
766 2277 821 2337 hoc
839 2280 878 2338 ait
899 2278 926 2337 se
951 2299 1049 2355 parare
1067 2280 1201 2337 viaticum
1220 2278 1374 2357 copiosum,
1504 2303 1505 2364 j

411 2356 445 2419 &
459 2354 626 2419 instruilum.
648 2360 737 2438 itaque
754 2358 821 2417 nihil
836 2376 933 2419 muto:
947 2358 996 2417 etsr
1013 2357 1130 2439 Scaliger
1145 2380 1202 2417 non
1219 2360 1310 2433 male,
1324 2360 1375 2419 Po·

410 2436 484 2497 lubre
506 2440 630 2518 mythico.
657 2440 780 2499 nonnulli
806 2458 961 2520 reponunt,
978 2440 1086 2519 pulvere
1112 2440 1211 2517 Libyco
1222 2462 1234 2511 ,·
1254 2440 1332 2519 quod
1345 2442 1374 2500 iu

410 2518 544 2599 plerisque
558 2517 655 2601 Libye
674 2520 741 2581 locis
757 2520 855 2583 incole
875 2520 947 2581 soliti
968 2542 1066 2591 carnes
1084 2541 1203 2601 coquere
1220 2522 1248 2581 in
1266 2521 1373 2591 arenis,

413 2598 492 2659 solari
507 2598 596 2659 calore
619 2600 798 2663 ferventibus.

456 2679 520 2739 Tum
534 2680 722 2763 contemtile]
743 2682 790 2741 An
813 2682 896 2754 dicit,
913 2681 1115 2762 philosophiam
1136 2702 1230 2743 natam
1245 2682 1276 2743 &
1292 2681 1375 2741 altam

411 2758 441 2819 in
455 2760 626 2837 Academia,
643 2781 704 2842 quae
718 2763 789 2823 haud
805 2762 929 2841 procula
941 2762 1039 2821 litore?
1049 2784 1085 2822 an
1102 2763 1210 2822 Lunam
1224 2761 1375 2844 fignificat?

412 2841 1370 2985 ffifflssffiffiffifflfflwfflfflw

453 3007 529 3065 ΠΕΡΙ
549 2968 799 3083 ΕΔΕΣΜΑΤόΝ.]
827 3004 874 3065 De
894 3005 1008 3078 eduliis,
1032 3006 1062 3067 δ(
1082 3003 1232 3086 peregrinis
1249 3005 1373 3065 ciborum

414 3084 575 3163 generibus,
592 3104 653 3165 quae
670 3106 807 3169 ganeones
822 3087 934 3147 terra&
947 3087 1018 3145 mari
1032 3087 1208 3164 conquirunt:
1224 3085 1259 3145 de
1275 3086 1373 3165 quibus

410 3163 523 3306 gidgndi
546 3162 677 3304 Plinius?
698 3165 864 3243 atheneus,
880 3166 1011 3229 Clemens
1038 3166 1239 3229 Alexandrinus
1262 3166 1322 3227 libr.
1351 3188 1369 3227 2

436 3262 459 3303 ae
479 3266 494 3303 a
661 3270 687 3306 r.

465 3246 825 3411 Hieiliis'iiaelmbracia]
850 3326 926 3405 Quis
948 3324 1008 3388 est?
1028 3348 1063 3387 an
1083 3327 1183 3387 animal
1201 3325 1372 3411 quadrupes?

412 3404 489 3485 quod
511 3424 603 3465 tamen
622 3426 678 3467 non
699 3408 727 3466 in
742 3408 913 3481 Ambracia,
928 3406 976 3468 sed
1006 3409 1102 3469 Media
1120 3408 1203 3469 insula
1221 3411 1373 3468 maximum

412 3508 448 3627 acc¹
463 3487 784 3629 pulchequjmumgguiffe,
801 3489 898 3629 ³¹⁰ssss
907 3488 948 3583 eli
963 3488 1056 3550 Varro
1072 3489 1117 3549 lib.
1130 3512 1147 3629 ,α
1162 3488 1256 3630 {like
1269 3487 1371 3549 ruli&

442 3570 1367 3731 qffimMffiQffifflwwwm

455 3728 601 3802 Haeduus,
625 3730 725 3790 &toto
742 3750 818 3811 grege
836 3732 956 3801 mollior,
977 3733 1077 3810 inscius
1097 3732 1185 3791 herbe.

413 3832 448 3871 an
468 3808 565 3889 piscis?
590 3813 635 3891 qui
651 3810 724 3869 idem
744 3810 873 3893 κάπρος,
890 3830 973 3893 quem
996 3814 1025 3871 in
1045 3812 1103 3876 finu
1119 3812 1279 3873 Ambraciae
1295 3812 1368 3891 opti-

412 3910 491 3955 mum
504 3888 581 3949 foille
594 3890 705 3951 testatur
722 3891 915 3955 Archettrarus
929 3894 1005 3975 apud
1020 3894 1206 3969 Athenaeum,
1220 3895 1253 3957 δι
1268 3893 1367 3954 Ennius

410 3971 439 4031 in
455 3970 743 4057 Ichthyophageticis:
1237 4029 1241 4037 .
