3209 4967
302 479 459 597 2²4⁸
587 493 594 505 ‘
725 435 1095 556 NN'OTAE.

389 628 471 722 ptum
492 639 522 696 in
547 636 642 703 Obolo.
659 635 735 697 Nam
749 639 786 697 ita
808 636 905 698 citatur
920 635 1049 700 Caecilius
1071 637 1282 719 compendiose,
1303 663 1356 722 pro

390 718 559 800 obolostate:
580 739 664 800 quam
685 719 769 780 etiam
793 720 963 779 comoediam
1006 722 1155 781 tammarici
1181 721 1277 781 Latine
1301 743 1357 783 vo·

387 817 454 863 cant
474 803 665 861 Faeneratorem.
690 797 904 861 Eodemmodo
922 802 950 859 in
969 739 1056 860 lione
1074 787 1153 860 libris⁴
1169 802 1278 872 calamo
1293 823 1360 862 exu-

322 932 326 938 ,
389 883 453 941 ratis
470 884 567 942 citatur
580 879 717 943 Pacuvius
728 881 756 940 in
768 881 855 954 Dolo,
871 902 922 962 pro
939 881 1084 962 Duloreste.
1101 881 1187 962 idque
1197 903 1296 943 verum
1306 905 1359 962 pu·

388 978 428 1023 to.
446 959 521 1022 Nam
539 960 646 1036 versus,
657 963 704 1042 qui
723 961 895 1022 adducuntur
910 983 943 1022 ex
960 983 993 1024 ea
1005 961 1108 1037 fabula,
1129 984 1194 1023 curn
1207 964 1242 1022 iis
1255 965 1358 1042 verbis,

388 1062 453 1128 quae
470 1044 597 1123 producit
615 1042 711 1105 Festus
726 1045 757 1104 δι
775 1043 902 1117 Nonius,
919 1044 1058 1104 cohaerere
1077 1041 1189 1122 possunt
1214 1047 1270 1106 ita:

431 1125 533 1185 Hicine
549 1125 575 1182 is
592 1128 642 1206 est,
657 1145 730 1204 quern
743 1126 831 1203 gratia
843 1126 936 1205 sainna
950 1143 1010 1185 anre
1024 1145 1112 1184 ornnes
1128 1125 1252 1186 nobilitat
1267 1126 1359 1204 viros,

429 1200 720 1285 >impius‚rubilundo
735 1205 834 1278 colore,
847 1205 935 1287 spella
949 1223 1071 1288 protervo
1084 1251 1093 1280 ,
1105 1206 1202 1288 ferox,

316 1298 321 1311 ⁴
433 1288 564 1367 Capenam
575 1287 690 1364 fronte?
709 1286 843 1348 ScALIG.
1183 1301 1185 1306 '

366 1376 369 1382 '
429 1365 477 1427 litt.
495 1387 542 1427 21.
564 1367 598 1426 In
614 1367 770 1452 Demetrio]
790 1365 858 1427 Non
875 1365 914 1428 est
925 1366 1023 1440 Ennii,
1040 1385 1071 1429 ut
1087 1381 1165 1446 putat
1177 1367 1359 1442 Vertranius,

303 1474 306 1478 ·
390 1447 439 1510 sed
453 1445 583 1526 Turpilii.
594 1446 636 1508 Fa
651 1445 730 1510 versa
744 1447 783 1508 eli
797 1469 832 1510 ex
846 1447 972 1513 Alexide.
988 1447 1032 1511 Ex
1044 1447 1122 1530 cujus
1135 1449 1282 1512 Demetrio
1297 1449 1359 1513 haee

390 1528 580 1610 producuntur
595 1531 632 1589 ab
653 1529 811 1602 Athenaeoa
825 1529 896 1588 libro
913 1528 948 1590 8:
1068 1535 1070 1542 ’

434 1608 570 1690 Πρότερον
587 1609 640 1693 μὲν
659 1611 683 1671 εἰ
703 1608 833 1676 πνεύσειε
853 1610 970 1693 duplice,
992 1610 1007 1673 ii
1027 1608 1104 1673 ricae

431 1689 474 1752 'Er
494 1689 532 1769 ari
552 1690 688 1770 θαλάττῃ
711 1695 864 1775 λαμπρὴν,
887 1691 974 1772 ἰχθὺν
994 1685 1045 1757 οὖν
1063 1687 1124 1756 iniit

418 1765 535 1835 ‘ollavl
555 1773 675 1855 φαγεῖν.

391 1849 533 1934 Turpilius
550 1852 700 1916 Demetrio
719 1853 794 1936 apud
809 1853 958 1916 Nonium:

361 1946 364 1955 ‘
435 1935 562 2000 Antehac
572 1937 602 2015 fi
608 1939 700 2019 flabat
718 1937 838 2018 Aquilo,
852 1953 901 1996 nnc
915 1934 1029 2018 Auster,
1045 1934 1140 2017 inopia
1260 1985 1269 2005 ,

432 2015 505 2076 Erae
514 2016 623 2096 piscati.
636 2051 671 2064 -
687 2019 821 2080 SanIG.
1245 2078 1250 2100 2

436 2095 484 2154 lin.
504 2118 550 2161 22·
571 2098 692 2174 Perfibus
706 2099 840 2178 aperire]
855 2097 942 2180 Vulg.
968 2097 1090 2177 Pcrfibus
1105 2098 1225 2177 aperite.
1243 2097 1362 2176 Perficua

394 2173 505 2237 fortalie
528 2176 700 2240 scribendum
718 2200 753 2240 ex
769 2177 833 2241 Sex.
850 2177 1006 2259 Pompeio,
1025 2181 1071 2262 qui
1094 2195 1257 2262 peracutum
1278 2180 1362 2240 imer-

394 2272 536 2340 pretatur,
549 2259 581 2320 δι
596 2258 657 2319 haec
678 2259 773 2320 Naevii
789 2259 877 2319 verba
897 2257 997 2320 refert:

436 2339 532 2418 Ecqui
540 2339 626 2418 fiacrit
638 2344 766 2424 peslicas,
783 2361 829 2399 car
846 2340 900 2400 enci
915 2341 964 2399 ade
998 2339 1076 2400 ratio.
1098 2341 1288 2403 AUGUSTIN.

396 2415 515 2494 Scribo,
530 2421 643 2500 Perfibe,
656 2424 747 2503 perire.
758 2363 949 2482 Perdaserunr
978 2420 1022 2479 tali
1035 2420 1186 2484 Vertranio
1196 2467 1205 2496 ,
1216 2421 1362 2502 legendum

396 2504 522 2582 Peraeae.
538 2502 579 2563 At
597 2524 649 2562 nos
659 2504 691 2564 id.
705 2502 804 2564 diserte
821 2521 961 2584 negamus.
983 2499 1057 2563 Nam
1077 2501 1150 2582 apud
1166 2500 1276 2562 Festum
1292 2523 1361 2584 quo·

396 2603 452 2662 que
471 2582 619 2664 legendum
632 2585 769 2664 Perfidus,
785 2604 838 2664 pro
853 2585 979 2661 Perficus.
996 2582 1117 2662 Quippe
1132 2581 1246 2664 simplex
1260 2583 1310 2643 fuit
1321 2582 1362 2644 sl-

395 2663 456 2725 bus.
476 2661 587 2725 Festus:
605 2665 706 2740 Silus,
719 2666 852 2736 callidus,
869 2663 911 2724 vel
930 2681 1034 2724 acutus.
1050 2665 1186 2728 SanIG.

436 2743 484 2804 lin.
497 2749 545 2823 23'.
561 2746 594 2806 In
612 2747 825 2828 Lampadione]
842 2745 945 2806 Nescio
958 2765 993 2804 an
1006 2745 1034 2802 in
1048 2747 1192 2825 Lampade.
1207 2742 1282 2804 Nam
1294 2744 1359 2809 Ale·

395 2825 439 2886 xis
454 2825 485 2885 &
501 2826 676 2906 Antiphanes
692 2828 808 2888 citantur
821 2828 857 2889 ab
872 2826 1012 2886 Athenaeo
1026 2825 1052 2888 ἐν
1072 2824 1227 2906 munaida.
1247 2825 1361 2904 Quam·
1442 2873 1457 2892 .„

396 2926 481 2985 quam
503 2896 693 2989 Lampadione
717 2908 818 2968 eodem
839 2907 926 2972 modo
949 2905 1071 2982 dicium,
1094 2928 1152 2990 quo
1166 2909 1312 2993 'lumprcian
1330 2923 1362 2969 ut
1385 2951 1393 2966 ,

396 2987 472 3067 apud
484 2985 609 3048 Plautum
632 2988 665 3050 ἃ
677 2990 838 3049 Varronem
856 2987 1027 3070 Agathone:

436 3068 514 3146 Quid
531 3070 663 3149 tristiorem
681 3072 760 3132 video
780 3087 806 3128 te
824 3069 894 3150 effe?
916 3091 988 3150 quem
1009 3069 1085 3158 angit
1104 3071 1160 3135 hnc

435 3151 642 3232 Lampadione?
656 3152 741 3232 quid?
755 3149 907 3231 firmiliaris
919 3152 998 3226 filius

435 3233 582 3292 Amatne?
592 3233 654 3312 spes
674 3231 759 3314 isidem
780 3234 814 3312 est
833 3232 1002 3311 argentaria,

437 3310 549 3391 Ideoque
562 3311 681 3394 scapula
699 3330 815 3377 metuunt
833 3311 1024 3392 virgidemiam.
1041 3309 1179 3378 Senum.

437 3391 499 3452 ead.
513 3391 546 3455 &
563 3392 605 3472 sq.
629 3394 768 3454 Protinam
781 3419 800 3454 a
817 3396 939 3472 protinus
959 3394 1157 3455 continuitatem
1166 3391 1364 3532 figniyicans.³

395 3467 507 3532 Nonius
525 3471 674 3532 Marcellus
693 3473 795 3549 refert,
818 3476 976 3536 Varronem
1003 3472 1152 3556 scripsrlie,
1170 3477 1301 3558 protinam
1318 3496 1350 3533 vc
1370 3551 1372 3554 Ι

391 3552 515 3696 protinus
529 3554 726 3630 continuatione
739 3555 784 3617 vel
793 3554 928 3637 praeterita
944 3555 989 3615 vd
996 3553 1096 3634 fictura
1108 3557 1283 3642 longitudinis
1296 3555 1360 3619 eici.

422 3648 587 3697 UGUSTIN·
626 3689 630 3697 .

438 3715 486 3776 lin.
501 3731 547 3790 aa
561 3715 594 3774 In
605 3715 730 3797 Agidone
749 3715 914 3798 Candacen]
933 3717 1021 3798 Vulg.
1036 3719 1069 3776 ln
1084 3719 1211 3815 Agedone
1222 3718 1361 3782 caudatus.

397 3795 502 3860 Nescio
520 3818 558 3856 an
582 3797 610 3857 in
627 3797 739 3874 Amne,
756 3796 876 3878 (Alexis
894 3800 991 3858 citatur
1009 3797 1035 3860 ἐν
1059 3799 1155 3882 c'rpurt
1172 3799 1260 3878 apud
1274 3797 1361 3858 Athe-

396 3877 513 3953 naeum)
534 3898 570 3937 an
587 3879 617 3938 in
640 3879 758 3938 AEdone.
780 3877 822 3938 Ea
841 3878 881 3940 est
898 3879 990 3941 fabula
1007 3879 1080 3940 Livii
1109 3880 1261 3940 Andronici
1286 3899 1302 3938 a
1323 3877 1362 3939 ud

395 3955 570 4024 Priscianum.
580 3958 611 4021 Si
624 3960 762 4049 tragoedia
781 3957 839 4035 est,
857 3959 997 4024 nescium
1012 3965 1041 4023 in
1060 3963 1198 4048 ὤμοιιν.
1213 3959 1283 4062 Eam
1293 3899 1360 4024 tiri·
1389 4031 1390 4034 Ἴ
