3209 4967
421 479 489 578 342⁷
734 471 1030 548 NOTAE

417 641 455 702 ait
469 639 620 701 Lucretius.
646 635 759 712 Varro,
778 653 885 698 mutato
901 655 1019 718 genere,
1037 631 1102 694 dicit
1116 651 1228 706 cornus,
1244 633 1417 714 quomodo

418 739 528 784 veteres
548 722 656 779 locutos
685 719 793 778 monuit
813 717 961 778 Priscianus
984 718 1030 777 lib.
1058 715 1086 776 6.
1118 712 1309 797 Quamquam
1338 716 1414 776 haec

418 803 517 864 eadem
534 801 617 883 paulo
631 800 709 860 aliter
729 801 823 860 recitat
839 799 950 862 Nonius
968 799 995 857 in
1016 819 1089 858 voce
1103 795 1224 858 Anima:
1249 798 1412 877 Phrygios

414 902 463 964 per
475 882 530 963 offla
544 899 639 945 cantus
652 882 756 962 liquida
774 881 848 942 canit
863 883 962 941 anima.
977 898 1007 940 ut
1027 877 1165 960 Apulejus
1179 877 1228 937 lib.
1242 877 1278 941 8:
1294 879 1408 938 Titani·

418 983 448 1023 tu
463 963 617 1045 cybasorum
631 961 659 1021 6·
670 965 763 1046 fiunirtt
776 981 969 1043 tympanorum,
977 960 1126 1040 ..cautusque
1141 959 1198 1018 Pur
1218 961 1258 1038 gii
1274 961 1406 1018 mulcen-

418 1047 492 1105 tibus
504 1046 618 1106 modult's
628 1045 740 1104 excitus.
758 1040 914 1104 Est‘autem
930 1059 1049 1102 metrum
1065 982 1403 1114 hoUGallllambicum‚

312 1155 331 1207 g
419 1126 497 1206 quod
516 1148 602 1210 genus
620 1125 741 1186 solemne
763 1119 957 1206 &proprium
982 1123 1068 1185 Gallis
1086 1120 1272 1182 sacerdotibus
1288 1121 1319 1184 C
1347 1123 1404 1182 be-

331 1212 335 1220 *
419 1209 476 1282 les,
497 1210 523 1266 in
541 1208 624 1283 hujus
646 1205 718 1268 Deae
742 1205 846 1281 sacris,
869 1207 905 1266 de
929 1206 1028 1288 quibus
1052 1203 1146 1265 Varro
1166 1204 1231 1285 agit.
1255 1203 1341 1264 Luat
1364 1225 1403 1265 eo
1491 1205 1492 1234 l

369 1306 373 1314 “
419 1287 544 1352 Catullus
565 1310 669 1370 poema
684 1288 719 1349 de
731 1285 843 1369 Cybele
856 1287 977 1367 &1⁴Aty.

427 1393 430 1396 ’
462 1385 544 1443 Nunc
559 1385 644 1443 corius
663 1384 762 1441 ulmum
778 1381 860 1462 δια]
888 1379 962 1442 Galli
983 1378 1166 1440 fanaticorum
1182 1377 1272 1439 modo
1290 1377 1402 1439 discut·
1491 1373 1492 1414 ἕ

420 1481 511 1525 rentes
531 1464 558 1525 se
572 1464 647 1544 ipsos
667 1464 872 1536 caedebant,&
887 1463 1076 1523 cruentabant.
1096 1482 1131 1524 ex
1146 1480 1203 1542 quo
1224 1457 1403 1543 sanguineos

420 1561 506 1607 vocat
521 1545 657 1606 Lucanus.
679 1543 769 1606 ovid.
788 1544 818 1604 in
834 1543 911 1606 lbin:

604 1626 871 1706 „mollesque
892 1624 1015 1706 ministri,
1039 1659 1042 1665 ·

464 1710 575 1769 Cadunt
589 1707 700 1791 jadatis
719 1709 789 1767 vilia
810 1709 921 1769 membra
941 1708 1030 1767 comis.

358 1824 362 1841 ¹
420 1803 530 1866 Eodem
551 1805 642 1868 resero
664 1806 758 1865 locum
782 1805 857 1866 hunc
879 1803 1036 1864 Varronis:
1061 1799 1109 1864 etst
1130 1822 1187 1862 non
1210 1802 1330 1862 memini
1349 1822 1398 1863 me
1491 1809 1492 1812 ’

305 1915 307 1929 =
420 1887 485 1948 alibi
507 1889 617 1968 legere,
635 1881 732 1948 Gallos
748 1884 810 1946 usos
834 1886 926 1968 flagris
951 1885 1070 1956 ulmeis,
1095 1885 1196 1965 quibus
1215 1884 1398 1944 caedebantur
1491 1903 1492 1952 ᾗ

421 1965 495 2028 servi
514 1989 643 2048 nequam.
667 1966 739 2026 unde
754 1966 891 2027 Plautinus
909 1967 1031 2028 Libanus
1057 1965 1087 2024 in
1112 1965 1254 2040 Asinaria,
1276 1966 1398 2048 scapulis
1491 1985 1492 2026 t

421 2047 613 2126 suis·paratam
635 2047 905 2128 eslexvirgidemiam
916 2095 928 2121 ,
950 2063 1095 2130 auguratur
1119 2067 1154 2106 ex
1172 2069 1226 2120 en,
1247 2049 1326 2129 quod
1348 2051 1398 2129 pi-

421 2147 471 2187 cus
486 2127 575 2189 toslro
590 2128 696 2188 ulmum
713 2129 814 2191 tundit.
827 2129 907 2208 Quin
918 2131 1008 2212 potius
1023 2127 1095 2190 Galli
1111 2130 1266 2188 tundebant
1279 2127 1398 2212 pedor!

422 2211 491 2290 pinu
502 2207 620 2285 arbore,
635 2209 749 2291 Magna
765 2213 848 2270 matri
863 2209 947 2273 sacra.
968 2209 1068 2270 Statius
1086 2209 1133 2270 lib.
1153 2231 1206 2271 10:
1254 2267 1259 2276 .

606 2292 820 2371 *quatit
839 2292 886 2352 ille
899 2295 994 2374 fiacras
1014 2294 1043 2351 in
1060 2295 1163 2371 periura
1180 2292 1272 2374 pinus.

422 2384 470 2446 vel
489 2383 577 2444 latera
593 2384 759 2465 rumpebant
781 2382 891 2466 flagro,
911 2384 988 2465 quod
1010 2383 1139 2444 describit
1158 2384 1296 2464 Apulejus
1311 2383 1357 2444 lib.
1376 2382 1397 2446 8

422 2463 610 2546 Metamotph.
621 2465 733 2545 Arrepto
742 2467 850 2546 denique
858 2468 964 2545 flagro,
976 2469 1047 2546 quod
1053 2466 1185 2546 semiviris
1195 2467 1251 2524 illis
1260 2465 1394 2546 proprium

420 2547 616 2688 gum
631 2547 1212 2708 {lissinisliulillss‘llibss‘slii
1228 2549 1393 2688 silisis
1491 2563 1492 2600 ⁷

423 2649 595 2775 commulclangt
609 2711 711 2778 tuitus.
723 2708 824 2788 Quare
838 2709 946 2770 uidetur
963 2673 1124 2790 ledendum:
1138 2711 1220 2768 Nunc
1234 2710 1324 2770 corius
1340 2711 1392 2769 aul·

424 2806 491 2851 mum
509 2806 571 2850 tuus
581 2793 702 2870 depavit.
720 2808 750 2850 ut
760 2792 853 2852 dicat:
873 2789 974 2872 Flagro
992 2809 1058 2861 tuo,
1078 2789 1247 2872 Galle‚qu0
1261 2809 1288 2852 te
1305 2792 1390 2871 ipsum
1491 2861 1492 2868 ἵ

245 2941 250 2952 .
424 2870 569 2943 caedebas,
591 2892 664 2932 nunc
683 2874 857 2933 excutiuntur
881 2871 1025 2935 frumenta.
1045 2871 1212 2954 Depuvire,
1234 2871 1272 2936 esl
1289 2871 1391 2940 caedete
1491 2927 1492 2930 ,

365 2981 369 2991 ·
423 2950 456 3013 ἃ
468 2953 622 3017 verberare.
643 2953 779 3014 Lucilius:
1491 2957 1492 2960 ’

542 3081 545 3088 .
609 3067 724 3082 --
730 3033 878 3117 palmisque
897 3033 1021 3118 musellam

464 3115 587 3195 Depuvu
606 3139 651 3176 nte.
808 3135 810 3138 ·

448 3252 452 3257 .
465 3198 678 3278 Ρινςὶεὶιιναὲ]
692 3195 870 3262 tractulus
886 3195 983 3258 Gallos
998 3215 1083 3260 uocat
1099 3194 1210 3262 Gallas:

465 3278 581 3356 Rapite
600 3283 687 3342 ducem
700 3280 844 3360 sequuntur
865 3280 960 3342 Galle.

425 3367 555 3428 nimirum
566 3371 694 3451 ,praecisa
709 3373 840 3432 virilitate
858 3390 936 3434 erant
950 3372 1098 3454 'propiores
1119 3373 1293 3449 mulieribus,
1309 3395 1386 3455 quam

427 3449 512 3520 viris,
528 3473 563 3531 ap
584 3451 787 3534 ellabanturque
807 3452 945 3515 Semiviri.
956 3454 1084 3514 Similiter
1102 3453 1234 3516 Horatius
1250 3457 1387 3520 hominem

425 3531 539 3610 mollem
560 3473 695 3599 {minino
708 3535 941 3616 genareappellat
956 3535 1002 3597 lib.
1022 3556 1033 3594 t
1050 3533 1140 3596 Serm.

467 3608 558 3674 Julius
578 3611 605 3671 θ’
616 3614 727 3695 fragilis
748 3615 871 3676 Palatia.

425 3703 462 3765 Et
477 3704 519 3783 Q.
538 3704 670 3787 Opimius
687 3705 789 3768 festivo
803 3708 910 3769 homini
927 3705 1046 3788 Egillior
1063 3710 1182 3788 Quid-tra
1197 3711 1304 3792 Egillia
1317 3731 1386 3785 mea,·

427 3806 457 3846 ut
473 3785 513 3847 est
528 3788 600 3869 apud
618 3786 850 3850 Ciceronemlib.
873 3809 888 3848 2
906 3790 942 3848 de
966 3787 1099 3851 Oratore.
1114 3781 1223 3874 Virgil'

470 3872 573 3930 Overa
594 3870 738 3950 Phrygio,
758 3873 921 3950 nequeenim
943 3870 1073 3951 Phryges.
1108 3934 1113 3942 ,

472 3962 534 4021 Tibi
562 3964 707 4046 Tympana
729 3962 811 4045 δια]
837 3961 967 4026 Tandem
987 3960 1062 4025 Galli
1085 3961 1229 4045 Cybeles,
1242 3963 1383 4026 rationibus
