3209 4967
169 496 183 521 ⁶
281 596 284 605 .
386 511 1000 616 turnucuauru.
1100 534 1173 647 ιιι]-

209 722 271 767 tum
291 702 447 767 vides.Sed
463 702 544 763 estin
561 700 632 762 libris
651 702 807 777 veteribus,
825 722 937 784 rympen.
951 699 1024 761 unde
1042 698 1170 782 suspicor,
1295 689 1297 692 ¹

119 784 143 813 ⁶
208 786 238 844 in
259 785 356 847 Nonio
379 785 433 866 leg.
465 787 560 845 Tumbi
577 782 660 849 masc.
687 786 815 865 generis3
838 784 870 843 δι
896 801 1002 863 rymprn
1021 784 1168 861 subducere.

121 918 133 943 ,
210 866 297 927 facete
319 866 433 938 lelium,
451 867 478 925 in
504 886 579 947 quo,
598 865 674 924 velut
702 865 730 923 in
752 864 893 944 sepulcro,
912 862 1078 943 compolitus
1098 866 1171 938 jacet

209 948 290 1007 dives
305 964 440 1029 aegrotae,
454 964 538 1008 vocat
555 961 682 1028 tympen.
701 944 737 1006 Et
750 965 813 1006 eam
829 943 883 1006 elle
901 965 997 1007 veram
1016 944 1172 1020 lullioncm,

210 1027 296 1089 ausrm
312 1028 448 1109 praeliare.

555 1134 679 1234 Pagina
707 1158 788 1231 304.
872 1179 878 1231 3

250 1269 365 1333 SARDIJ
376 1269 559 1351 VENALES.]
577 1262 675 1346 'Hujus
687 1269 828 1351 proverbii
844 1268 923 1341 usus,
940 1268 986 1329 ubi
1005 1289 1107 1352 magna
1118 1270 1173 1333 fre-

210 1356 321 1432 quentia
340 1352 512 1413 sordidorum
536 1350 697 1427 hominum,
712 1372 832 1432 quorum
854 1350 946 1411 ars&
964 1371 1052 1430 opera
1065 1371 1172 1412 venum

209 1434 251 1491 it:
265 1449 294 1492 ut
312 1431 371 1494 sunt
390 1434 418 1493 in
436 1434 503 1494 aulis
521 1434 675 1515 principum
697 1433 839 1493 satellitum
855 1432 984 1513 agmina,
1003 1434 1030 1491 in
1047 1433 1172 1494 tribuna-

209 1514 281 1573 libus
294 1533 390 1596 greges
409 1514 581 1585 rabulamm,
600 1516 627 1573 in
643 1514 783 1575 funeribus
797 1530 947 1573 atratorum
964 1529 1091 1575 catervae.
1110 1512 1171 1575 Cic.

210 1595 247 1655 ad
266 1593 382 1655 Fabium
392 1594 523 1657 Gallum:
542 1593 635 1655 Habes
651 1597 753 1655 Sardos
763 1594 870 1661 venulas
878 1639 889 1666 ‚
906 1594 989 1653 aliurn
1002 1595 1056 1653 alio
1067 1595 1173 1675 nequio-

209 1697 269 1735 rem.
285 1675 377 1757 Origo
392 1698 426 1737 ex
441 1698 486 1748 eo,
503 1676 577 1758 quod
592 1674 690 1737 Tiber.
707 1674 851 1737 Gracchus
867 1673 933 1735 Cos.
945 1696 1008 1734 cum
1020 1674 1172 1737 Sardiniam

210 1754 412 1839 Corsicamque
427 1758 476 1817 sub
513 1758 589 1829 ister,
610 1756 681 1816 nihil
696 1757 793 1837 praedae
814 1755 875 1816 inde
891 1754 1053 1829 abduxerit,
1075 1774 1172 1837 praeter

211 1839 602 1980 'niil'li'e‘ssmcoiilsiiim
621 1836 1172 1979 :llllllll’'lllllrlilffillll‘

208 1938 307 2059 gilius
324 1999 369 2059 lib.
396 2020 447 2079 17,
465 1988 496 2060 δι
518 1938 635 2058 Libelliis
652 1999 687 2059 de
711 1964 834 2081 Origine.
847 1996 1069 2092 principibusque¹
1081 1939 1174 2092 {enni

211 2077 369 2154 Romanae,
389 2082 470 2154 cujus
485 2080 624 2140 auilorem
639 2078 692 2141 elle
712 2079 754 2161 Q
766 2080 925 2140 Asconrurn
940 2078 1108 2153 pedianum,
1121 2101 1174 2140 mr·
1295 2114 1299 2120 ι

210 2160 239 2219 hi
277 2161 368 2221 uident
384 2181 440 2221 non
456 2158 494 2221 est
511 2162 634 2221 dubium.

254 2180 289 2299 {le
311 2244 397 2305 Anna
410 2262 522 2323 perenna
541 2241 619 2323 δια]
637 2240 677 2303 lta
694 2242 744 2302 hos
761 2240 857 2303 versus
870 2239 1059 2302 emendandos
1073 2240 1173 2300 censeo

210 2320 287 2401 apud
302 2320 426 2383 Gellium
452 2322 495 2383 lib.
521 2342 646 2403 13‚cap.
664 2342 708 2383 ιι.
729 2323 814 2383 Anna
839 2322 962 2383 Perenna
978 2322 1117 2381 colebatur
1136 2322 1172 2380 ad

209 2402 319 2463 initium
337 2406 419 2475 anni,
444 2402 549 2477 idest,
578 2404 646 2464 ldib.
675 2405 760 2463 Mart.
782 2424 840 2481 quo
867 2422 984 2474 muare,
1006 2421 1173 2481 perennare-

209 2502 265 2563 que
280 2486 429 2544 commode
449 2485 555 2555 liceret,
568 2483 676 2542 auilore
691 2484 850 2542 Macrobio.
870 2481 957 2542 Ouid.
973 2482 1019 2542 lib.
1037 2504 1052 2564 ς
1069 2479 1172 2545 Fastor.

252 2566 312 2623 Nec
332 2566 397 2623 milri
414 2586 501 2641 parva
518 2566 608 2640 fides,
628 2584 722 2624 annor
735 2564 795 2621 hinc
815 2563 862 2644 effe
880 2564 997 2643 priores:

254 2647 341 2705 Arma
362 2646 433 2725 quod
451 2646 499 2704 Ιιοε
519 2663 600 2724 coepra
621 2648 655 2727 est
675 2644 755 2725 mense
774 2644 896 2704 Perenna
915 2645 975 2707 coli.
1085 2719 1090 2725 ⁴
1121 2668 1126 2679 ·

210 2723 264 2787 Et.

252 2806 343 2867 Idibus
363 2807 397 2886 efl
416 2809 506 2866 Armae
519 2806 613 2887 frssurrr
632 2806 735 2886 geniale
757 2808 897 2883 Perenna,

252 2889 319 2947 Non
337 2887 431 2967 procul
450 2910 467 2946 a
487 2886 553 2968 ripis
573 2892 676 2947 aduena
700 2889 782 2967 Tybri
802 2888 866 2949 ruis.

212 2965 308 3029 Panda
320 2969 455 3049 appellata
470 2966 510 3027 est
524 2990 540 3027 a
554 2968 716 3048 pandendo,
737 2969 814 3050 quod
830 2963 900 3028 Tito
910 2966 1013 3040 Tatio,
1031 2966 1174 3048 Capitoli·

211 3070 280 3109 num
297 3067 327 3109 ut
346 3066 455 3130 caperet
466 3049 584 3119 collem,
606 3049 681 3109 viam
698 3052 817 3130 pandere
836 3066 918 3131 atque
936 3053 1041 3132 aperire
1059 3050 1173 3130 permis-

210 3129 272 3191 sum
292 3131 390 3204 fuerit,
405 3149 434 3189 ut
447 3130 527 3190 refert
541 3130 650 3190 Arnob.
667 3131 712 3192 lib.
731 3154 758 3206 4.
776 3130 870 3191 Varro
886 3133 934 3191 lib.
956 3153 966 3191 1
987 3132 1021 3193 de
1037 3130 1104 3191 Vita
1123 3151 1174 3210 po-
1273 3131 1277 3148 '

213 3212 268 3291 puli
282 3212 365 3273 Rom.
383 3211 499 3271 eandem
515 3228 591 3291 putat
607 3232 671 3271 cum
689 3210 810 3286 Celere,
829 3210 1089 3293 ‹liilamqueapanc
1104 3213 1175 3271 dan·

216 3291 272 3364 do,
288 3294 363 3371 quod
376 3294 421 3373 qui
443 3313 498 3373 ope
518 3292 687 3375 indigerent,
704 3294 735 3355 δι
748 3293 785 3352 ad
795 3292 903 3374 asylum
918 3293 1026 3355 Cereris
1041 3292 1176 3376 confugis·

214 3370 292 3445 seut,
309 3373 386 3451 panis
405 3374 523 3433 daretur.

256 3456 359 3528 Λιιτέι,
375 3453 486 3536 Palen]
509 3456 612 3529 Λατὼ,
629 3453 735 3515 Dorice
752 3475 803 3537 pro
827 3455 924 3532 nuru,
945 3454 1069 3531 lutona,
1087 3456 1176 3536 Apol-

214 3532 322 3593 linis&
343 3534 443 3595 Dianae
465 3553 560 3597 mater.
583 3535 680 3609 Pales,
697 3534 760 3597 Dea
778 3535 917 3618 pastorum
932 3538 963 3599 δι
981 3539 1104 3617 pecoris,
1125 3557 1176 3595 cu·

215 3616 260 3687 jus
274 3614 340 3674 fella
357 3615 468 3687 Palilia,
481 3617 527 3677 vel
542 3615 657 3695 Parilia,
673 3617 733 3681 XX
752 3618 815 3682 Kal.
829 3618 931 3694 Majas.
951 3618 1077 3682 Ovidius
1092 3616 1138 3678 lib.
1153 3634 1175 3691 4

211 3692 320 3756 ‘Faston
601 3738 605 3745 -

226 3832 228 3837 .
376 3775 482 3837 Palilia
498 3777 597 3856 poscor.

255 3859 322 3918 Non
337 3858 429 3935 postor
439 3856 553 3939 frustra,
568 3858 597 3937 fi
609 3858 689 3937 favet
708 3861 779 3921 alrna
801 3862 891 3921 Pales.
941 3907 947 3932 r

256 3939 420 4017 Merionen]
444 3938 520 4017 Quae
540 3938 677 4000 &Nerio
702 3944 734 4003 δι
753 3938 860 4013 Nema,
883 3937 983 4020 conjux
1007 3906 1175 4002 Martisrde
1304 3988 1307 3992 ,

217 4038 271 4101 qua
289 4018 375 4085 multa
387 4020 491 4085 Gellius
507 4021 572 4091 loco
589 4020 655 4099 ilo,
673 4038 755 4105 quem
774 4023 956 4088 laudavimus.
