3209 4967
369 522 1013 611 'turuncuannns
1117 559 1208 635 337x

222 686 401 781 quantumvis
419 700 555 780 improba,
565 698 706 795 excipiunt
719 696 823 779 plausu,
839 698 1048 773 acclamatione,
1064 719 1188 759 murmu-

223 804 262 842 re.
284 782 343 843 haec
364 800 427 862 apte
452 783 578 840 dicuntur
604 782 738 859 uxama
755 780 941 854 reatuum,
961 780 993 842 δι
1011 779 1062 860 ipli
1078 781 1189 860 parastti

223 858 358 941 siginae,
378 860 452 944 quali
468 860 616 942 'obstreperi
631 864 662 921 ὃ(
680 858 791 920 clamosi
803 902 813 933 ,
826 861 920 939 quales
939 863 969 919 in
986 859 1065 922 scena
1078 863 1189 923 induce·

223 943 323 1003 bantur
339 947 408 1003 inter
426 945 527 1003 mimos
543 942 722 1002 secundarum
740 942 880 1022 partium,
894 941 1006 1002 audiere
1022 940 1112 1004 Festo.
1131 943 1189 1003 Atii

222 1022 315 1118 legunt
324 1024 388 1106 περὶ
395 1022 624 1118 padruirrursti
639 1022 708 1105 nepi¹
720 1022 947 1105 γεγαμηκότων.
959 1021 1043 1101 Quid
1058 1022 1100 1084 st?
1122 1026 1189 1107 napi

140 1163 143 1171 ,
222 1124 280 1165 nat
294 1124 434 1184 utuntur.

264 1186 394 1263 Ταμιεῖον
414 1184 574 1267 συνέχων]
596 1182 711 1245 Didium
725 1182 855 1245 festivum
872 1184 908 1245 de
921 1182 1016 1245 mensa
1031 1185 1145 1266 copiosa
1155 1187 1189 1248 &
1234 1202 1238 1207 “

221 1264 367 1341 instrudla,
384 1269 410 1325 in
430 1288 486 1347 qua
503 1268 577 1327 velut
594 1286 681 1345 penus
697 1267 788 1326 omnis
804 1270 962 1347 apponitur.
979 1265 1117 1327 Profertur
1140 1290 1193 1336 aru·¹

222 1362 280 1408 tem
294 1348 338 1408 hie
352 1346 487 1431 ripartuair
505 1348 541 1407 ab
556 1346 696 1407 adulatore
714 1345 812 1406 callido
828 1349 860 1408 δι
879 1348 1081 1427 versuto,qui,
1093 1364 1122 1407 ut
1139 1364 1190 1409 ex·¹
1250 1361 1254 1371 “

223 1428 301 1489 tollat
315 1444 426 1491 tenuem
443 1445 602 1509 apparatum
620 1428 737 1499 mensae,
753 1426 830 1507 quast
848 1448 919 1488 nnus
937 1430 1080 1487 hominum
1093 1430 1188 1510 prifcae

222 1508 381 1591 frugalitatis
397 1512 427 1571 δι
441 1508 632 1589 parsimonia,
650 1510 783 1568 acclamat
802 1507 930 1588 ταμιεῖον
949 1507 1104 1589 συνέχων,
1121 1510 1190 1571 Cel·

222 1589 279 1653 lam
299 1594 439 1672 penariam
453 1590 549 1651 fetens.
568 1588 709 1667 Nimirum
725 1588 779 1648 fitti
802 1588 970 1663 adulatores,
986 1608 1019 1649 ut·
1032 1591 1072 1649 ait
1092 1590 1191 1652 Petro·

222 1672 301 1747 nius,
325 1694 389 1733 cum
412 1692 507 1732 eoenas
526 1671 644 1731 divitum
663 1688 792 1751 captant,
817 1670 885 1735 nihil
908 1674 980 1750 prius
1003 1671 1168 1731 meditantur
1175 1716 1188 1744 ,

105 1784 109 1789 ·
220 1771 308 1831 quam
323 1753 362 1826 id,
377 1754 454 1834 quod
471 1768 568 1834 putant
581 1751 761 1832 gratiffimum
774 1750 947 1816 audientibus
962 1750 1032 1822 fore.
1050 1772 1101 1811 nec
1114 1755 1189 1813 enim

221 1832 298 1893 aliter
315 1835 517 1928 impetrabunt,
533 1832 611 1913 quod
628 1846 754 1913 petunt,
769 1830 819 1891 nifi
842 1829 1100 1911 quasdaminfrdias
1115 1835 1190 1892 auri·

221 1912 484 2143 buliftiiiriiliitnsfl
502 1991 616 2054 Tradat
632 1992 735 2073 dogma
754 1990 927 2067 Stoicorum,
944 1989 1063 2054 uirtus
1083 1993 1189 2076 trapa-

223 2096 297 2137 nous
315 2074 422 2157 μωροὺς
446 2098 459 2135 ε
485 2096 535 2147 ut,
560 2075 761 2154 &generatim
781 2073 901 2155 colligit,
927 2073 1038 2154 Reges,
1066 2075 1190 2153 philoso-

221 2157 312 2235 phos,
339 2156 494 2217 sacerdotes
517 2154 629 2236 Magnae
648 2158 760 2228 mattis,
781 2155 887 2223 ebrios,
905 2155 1023 2227 av'aros,
1040 2158 1187 2237 prodigos,

220 2238 391 2319 proinsanis
406 2237 507 2299 censeri
527 2237 636 2297 debere.
654 2236 729 2295 idem
752 2235 852 2317 probat
869 2234 999 2295 Horatius
1021 2236 1068 2296 lib.
1088 2258 1106 2297 2
1129 2236 1187 2299 Sat.
1260 2300 1275 2331 Ι,
1378 2315 1385 2324 l

156 2368 159 2371 .
223 2339 252 2400 3.
272 2310 359 2378 Poiro
376 2318 541 2379 Eumenides
556 2316 665 2389 easdem
683 2336 768 2377 vocat
782 2314 877 2395 Furias
891 2317 923 2376 dt
938 2314 1049 2376 Poenas.

263 2400 364 2459 Plenus
381 2396 458 2479 uini]
473 2398 516 2459 Ira
532 2398 691 2469 Terentius,
711 2398 777 2456 Vani
787 2393 905 2479 plenam.
920 2396 1053 2457 Horatius
1071 2415 1187 2475 contra,

222 2480 306 2543 Inane
321 2480 380 2539 uiui
395 2481 502 2538 dolium.

262 2562 338 2619 Dum
365 2560 473 2641 (efferta
490 2560 554 2617 irata
576 2558 633 2631 -l
656 2555 748 2618 Locus
764 2573 929 2636 corruptus,
951 2557 984 2618 &
1009 2560 1057 2638 qui
1076 2558 1186 2619 senten-

221 2642 289 2700 tiam
305 2640 406 2700 nullam
424 2638 528 2719 ejiciat,
543 2640 581 2699 ita
607 2637 716 2701 fortalle
740 2637 933 2700 restituendus:
950 2640 1025 2699 Dum
1042 2657 1078 2697 ae‘s
1095 2641 1186 2721 (m-

222 2719 329 2803 ulnapot
351 2742 412 2781 uam
426 2723 463 2780 ad
480 2719 583 2801 latera)
598 2720 737 2799 imponeret
757 2721 845 2779 aedilis
860 2722 996 2798 figuofiae,
1017 2722 1106 2779 Deam
1122 2725 1184 2798 gal-

222 2800 309 2860 lantts
329 2803 404 2861 uario
426 2802 570 2862 retinebant
585 2804 683 2883 studia.
702 2802 779 2880 Apta
799 2800 937 2870 linteatia.
956 2799 1052 2871 Dum,
1073 2804 1184 2881 inquit,
1216 2822 1224 2831 ·

223 2878 307 2941 aedilis
325 2882 435 2943 inferret
461 2880 560 2961 stipem
583 2882 677 2954 cellae,
697 2886 778 2957 cujus
805 2882 842 2941 ad
865 2881 950 2940 latera
975 2898 1050 2941 etant
1070 2884 1185 2964 angulla

221 2962 378 3034 foramina,
402 2964 429 3021 in
452 2963 568 3022 modurn
584 2962 718 3037 thesauri,
733 2962 808 3026 Galli
835 2961 905 3023 Deae
925 2962 1016 3021 laudes
1035 2963 1184 3038 dicebant,

220 3045 440 3125 occinebanrque
456 3045 545 3103 varias
571 3042 741 3103 salutationes
766 3064 849 3123 atque
869 3044 986 3113 naenias,
1003 3044 1102 3122 quibus
1120 3067 1185 3105 mo-

220 3126 257 3185 ris
282 3144 338 3187 erat
365 3124 427 3188 Diis
452 3124 623 3194 valedicere,
649 3124 679 3185 ἃ
703 3141 837 3203 tanquam
858 3125 948 3204 pueris
972 3144 1109 3205 occupare
1134 3126 1185 3186 so·

219 3225 326 3266 mnum.
352 3204 443 3285 Quod
461 3206 561 3267 merito
580 3204 649 3264 ridet
674 3203 817 3271 Arnobius
835 3204 881 3264 lib.
903 3225 933 3284 7.
964 3206 1057 3281 Quid,
1080 3208 1184 3286 inquit,
1201 3274 1204 3277 ⁴

221 3287 392 3346 domuitiones
414 3288 480 3358 illa,
500 3287 610 3364 quibus,
633 3286 693 3343 berre
713 3303 742 3344 ut
765 3287 874 3347 ualeant
897 3284 1055 3365 auspicabili
1068 3287 1183 3365 fialuta·

92 3406 95 3413 ·
220 3368 294 3426 tione
310 3369 471 3429 mandaris?
497 3368 588 3427 Somni
607 3367 675 3426 enim
696 3367 778 3447 quiere
792 3366 953 3449 firluunrar,
972 3370 1140 3449 occuparique
1154 3389 1185 3430 ut

221 3448 272 3507 hac
285 3447 396 3527 poffint,
420 3449 488 3508 lenes
506 3450 641 3509 audienda
658 3448 724 3527 fitur
746 3450 843 3508 narnia.
865 3442 953 3506 Po'rto
972 3448 1022 3507 AEs
1040 3469 1126 3509 vocar
1139 3450 1184 3511 sti-

222 3545 312 3607 pem,
328 3548 411 3609 quam
424 3527 496 3589 Galli
510 3545 599 3589 totum
616 3529 691 3589 diem
710 3528 936 3603 emendicabant,
948 3529 982 3590 ἃ
999 3528 1106 3611 vesperi
1121 3534 1185 3591 aedi-

219 3608 254 3670 iis
275 3608 409 3670 inferebat
432 3607 567 3669 thesauro.
590 3607 701 3670 Festus:
724 3610 868 3691 Impensam
884 3610 991 3690 stipem,
1010 3631 1046 3668 us
1063 3612 1184 3685 sacrum,

256 3696 292 3752 od
310 3692 424 3761 nondum
441 3708 498 3749 erar
515 3691 629 3770 pensum.
650 3690 832 3774 Στενὸποροι,
850 3689 986 3751 foramina
1001 3690 1130 3771 angusta,
1150 3708 1181 3750 ut

219 3714 267 3833 lb.
291 3772 312 3833 6
335 3770 370 3831 de
393 3772 499 3851 Lingua
518 3770 578 3831 Lat.
595 3771 715 3850 Delphis
745 3774 774 3832 irr
796 3776 850 3832 ude
864 3771 985 3851 foramen
1001 3773 1189 3855 vallatumep

219 3856 369 3934 quoddam,
387 3852 416 3911 iu
431 3854 544 3931 tlrefiauri
556 3852 673 3933 speciem.
690 3850 744 3912 Sed
760 3853 867 3914 videtur
882 3853 993 3932 antiqua
1004 3850 1084 3910 lefiio
1102 3872 1182 3910 som·

220 3934 306 3995 mode
320 3931 396 4014 polle
417 3932 538 4007 restitui,
553 3934 630 3993 unius
644 3933 726 3993 literae
744 3934 918 4010 adjediione‚
936 3948 966 3990 ut
981 3933 1104 4011 legatur,
1116 3934 1183 4012 serra

130 4024 142 4068 '-
218 4018 302 4097 phara
321 4032 390 4076 nanu
408 4018 483 4099 φορὰ
497 4012 537 4075 est
554 4014 678 4090 collatio,
695 4013 786 4095 'dpurrr
795 4018 892 4095 ,ἄκεα
911 4015 960 4075 hic
970 4010 1036 4071 fena
1052 4013 1089 4073 ad
1102 4013 1186 4075 latera

317 4104 370 4172 M.
393 4102 430 4175 T.
454 4107 568 4176 Varro.
583 4104 661 4171 'Vol
678 4103 727 4174 ΙΙ.
960 4094 993 4163 Y
1016 4155 1031 4164 .,
