3209 4967
433 516 509 612 ne
772 516 1067 591 noro

435 684 464 741 u
478 699 538 742 ante
552 680 656 763 priuati
674 679 780 762 hujusce
799 682 836 757 Q.
858 680 935 757 Traqi
954 680 1075 762 scelerofi
1089 676 1179 759 aflinni
1196 696 1285 739 canat.
1303 676 1395 743 Corn.

434 758 551 822 Tacitus
568 784 585 821 2
603 761 721 824 Annali:
738 764 769 820 In
796 760 877 821 Publ.
897 762 1028 821 Martium
1045 764 1104 823 cas.
1125 779 1201 819 extra
1222 781 1324 838 porcam
1342 763 1397 841 Es·

432 842 582 920 quilinane,
601 864 658 901 cunt
681 842 808 920 clafficum
825 863 915 901 canere
924 842 1068 925 juffiffene,
1088 863 1155 901 rnore
1165 841 1251 922 prisco
1272 843 1399 901 aat'rnad·

433 942 536 984 venere.
563 924 695 987 Serme.
1343 942 1346 951 ⁴
1401 994 1402 999 ἵ

432 1071 434 1076 ,
475 1003 523 1065 lin.
538 1026 568 1084 7.
585 1006 642 1066 Ubi
659 1022 739 1065 canat
752 1001 901 1147 collegae}
918 1002 1010 1071 Locus
1028 1002 1185 1065 mendosus.
1198 1005 1397 1069 AUGUSTIN.

473 1084 519 1145 lin.
541 1106 587 1147 10.
609 1085 754 1168 Exaru]
774 1086 808 1145 M
902 1086 981 1169 calig.
998 1088 1093 1167 Exire.

474 1165 522 1227 lin.
555 1186 599 1241 14
623 1170 716 1249 Caput
742 1168 828 1228 reiut.
891 1166 998 1227 Delent
1026 1168 1138 1249 quidam
1164 1164 1283 1227 uerbum
1308 1166 1394 1228 edille'.

431 1237 625 1310 incussere.

476 1329 521 1388 lin.
546 1351 590 1409 15.
610 1330 667 1408 Qui
685 1332 716 1387 de
736 1328 914 1410 eenfirribus]
934 1330 1021 1411 Vulg.
1046 1327 1203 1409 Cffrrilut,
1220 1329 1308 1387 veteri
1322 1348 1396 1387 con·

431 1406 571 1550 {uetudine
600 1410 754 1486 scribendi,
784 1430 837 1492 pro
863 1411 1040 1492 censoribus,
1070 1427 1101 1471 ur
1128 1412 1201 1471 Cass.
1226 1407 1394 1489 procons.

454 1506 569 1553 CALIG.

442 1592 453 1639 τ
473 1572 520 1631 lin.
542 1592 587 1651 17.
608 1571 730 1650 Claffieus
745 1570 859 1655 aanor]
877 1571 1012 1651 Claffieutn
1027 1571 1121 1647 forte,
1136 1586 1166 1631 ut
1182 1570 1302 1651 tosticum
1325 1591 1394 1652 pau·

335 1700 342 1712 ,
431 1649 460 1711 lo
480 1650 550 1745 post
567 1655 757 1717 lucus‘cru.

472 1734 519 1798 lm.
536 1753 582 1798 20.
602 1736 666 1796 Curn
682 1739 767 1815 prino
784 1736 866 1816 luci]
884 1734 926 1797 Ex
942 1735 1029 1796 veteri
1046 1732 1164 1801 formula,
1179 1732 1325 1794 evocandi.
1345 1730 1395 1791 Li·

406 1818 410 1826 '
434 1814 498 1874 vius
519 1815 566 1877 lib.
588 1835 621 1876 1:
643 1822 685 1879 Ut
702 1839 789 1879 ornnes
801 1820 874 1877 cives
894 1820 1010 1878 Rotnani
1025 1817 1123 1897 equites
1138 1816 1223 1896 pedite
1237 1816 1321 1895 quein
1334 1816 1395 1893 suis

450 1897 538 1978 uisque
553 1900 677 1959 centuriis
695 1900 724 1957 in
741 1921 838 1981 campo,
850 1900 955 1959 Martia
968 1901 1053 1979 prima
1075 1898 1130 1957 luce
1146 1899 1195 1955 ade
1216 1914 1268 1956 ent.
1282 1892 1337 1956 Sed
1354 1892 1395 1955 est

430 1918 616 2119 Ξιιζῆςεωὶἓιιιε
635 1979 828 2121 a'eqqqq‘q'qqqlt,
840 1984 873 2039 ab
887 2001 944 2041 eunt
961 1980 1108 2059 parelcon,
1120 1978 1151 2041 &
1163 1978 1216 2039 lux.
1226 1996 1324 2060 genere
1333 1997 1394 2037 me·

443 2078 458 2117 c
497 2078 544 2121 no.
592 2077 669 2120 auius
714 2085 720 2118 r
745 2080 852 2121 earra:

618 2143 683 2201 Curre
699 2143 784 2222 primo
798 2142 852 2201 luci
871 2141 922 2219 nisi
935 2143 1011 2199 ambo
1027 2142 1152 2204 occidero.

428 2214 578 2281 Terentius
594 2221 747 2303 Adelphis,
760 2220 827 2283 Aet.
849 2222 897 2294 V,
917 2219 963 2283 Sc.
979 2242 1013 2301 3:

589 2304 846 2363 --Rrescras
861 2325 917 2363 cunt
929 2303 993 2380 filio

616 2387 678 2445 Cum
691 2384 777 2465 primo
795 2385 848 2444 loci
867 2384 909 2445 ibo
924 2384 994 2445 ltine.
1008 2382 1140 2447 ΡΟΡΜΑ.

431 2462 521 2605 ΑἸἱῃ.
549 2463 595 2526 26.
630 2468 713 2546 Quod
736 2466 821 2547 censsrr
848 2467 962 2526 exercitu
996 2466 1077 2549 &c.]
1110 2466 1204 2527 Locus
1236 2463 1394 2527 mendosus.

457 2560 623 2609 UGUSTIN.
1033 2604 1035 2611 ,

471 2627 519 2687 lin.
544 2648 590 2709 27·
615 2628 754 2711 Constituit
771 2627 987 2708 quinquennalem
1011 2650 1067 2689 curn
1093 2627 1242 2711 lustraren]
1270 2626 1393 2689 Melius:

431 2709 571 2788 Constituit
588 2710 807 2791 quinquennalem
828 2731 882 2771 eum
901 2711 1013 2790 lustrare.
1032 2712 1166 2773 ScALIG.

470 2788 520 2850 lin.
540 2808 576 2868 30
593 2790 631 2871 sq.
654 2792 687 2853 ld
704 2793 775 2872 quod
793 2811 897 2871 propter
910 2792 1062 2875 ,ceremiam
1080 2792 1186 2852 canitia
1207 2791 1328 2871 inperare
1346 2790 1395 2869 sa·

431 2868 493 2929 lent.
523 2873 612 2950 Quare
633 2894 686 2931 non
712 2876 746 2955 est
771 2874 896 2945 dubium,
922 2895 979 2935 curn
999 2876 1047 2932 hac
1070 2873 1187 2931 inliciunt
1207 2874 1253 2951 fit.
1272 2870 1284 2952 ]
1306 2870 1395 2952 Vulg-

433 2951 509 3030 Quin
522 2955 569 3011 loc
587 2952 707 3012 inliciunt
717 2956 760 3031 fit.
781 2952 871 3033 Quod
881 2953 961 3035 supra
970 2954 1164 3014 admonuimus
1174 2953 1210 3011 de
1226 2954 1289 3011 loco
1308 2951 1394 3011 trans·

430 3030 538 3112 posito,
560 3053 624 3094 cum
644 3032 790 3115 disputaret
810 3035 903 3101 Varro
921 3036 956 3095 de
983 3036 1114 3095 derivatis
1131 3034 1168 3093 ab
1184 3034 1297 3104 Homo,
1317 3032 1393 3091 idern

429 3132 541 3192 quoque
557 3115 601 3175 hic
614 3116 720 3178 accidit.
738 3114 838 3194 Quare
851 3136 885 3175 ea
898 3136 1002 3195 ponam
1017 3114 1129 3186 ordine,
1146 3130 1175 3173 ut
1189 3113 1305 3194 legenda
1319 3113 1392 3173 sunr:

429 3195 548 3274 ldrquod
557 3216 605 3275 per
619 3197 763 3257 centuriata
777 3196 883 3256 comitia
902 3195 1023 3275 imperare
1039 3196 1134 3275 solent.
1154 3194 1216 3252 Hac
1232 3215 1302 3253 nunc
1315 3193 1393 3253 aliter

424 3272 462 3347 fit
479 3291 557 3353 atque
572 3275 653 3335 alirn:
666 3278 737 3357 quod
742 3278 841 3357 Augur
854 3276 961 3354 Consuli
976 3276 1045 3355 adest
1063 3293 1116 3333 turn
1129 3296 1186 3335 curn
1200 3276 1329 3336 exercitus
1344 3277 1392 3333 int·

425 3371 553 3431 peretur,
570 3379 603 3416 nc
611 3358 705 3435 prurit,
723 3360 787 3437 quid
799 3378 855 3415 eurn
873 3373 988 3435 oporteat
1003 3359 1091 3417 dicere.
1112 3357 1213 3438 Consul
1226 3359 1320 3437 auguri
1334 3356 1393 3413 t'ttr·

425 3437 611 3515 percensetur,
631 3456 661 3495 ut
685 3439 803 3498 inliciunt
824 3454 915 3508 uocet,
936 3460 989 3498 non
1007 3438 1133 3517 accenso,
1150 3455 1198 3496 aut
1212 3440 1333 3517 praeoni.
1356 3438 1392 3497 la

359 3514 362 3523 '
429 3516 557 3592 inceptum
572 3522 663 3589 credo,
672 3537 729 3575 curn
739 3539 792 3577 non
807 3518 901 3597 adeffet
915 3520 1097 3599 accensus,fr
1115 3518 1186 3577 nilril
1201 3520 1332 3591 intererat,
1347 3518 1392 3577 cui·

428 3595 586 3675 imperaret:
604 3599 632 3658 Cr
647 3598 716 3657 dicis
742 3601 824 3679 causo
835 3600 936 3675 fiebant
962 3602 1097 3682 quadarn,
1113 3620 1193 3679 neque
1220 3602 1279 3659 item
1291 3601 1388 3690 falla,

320 3676 323 3689 '
428 3697 508 3755 tuque
522 3677 582 3738 item
595 3680 666 3737 diua
675 3680 782 3761 semper.
799 3680 864 3740 Hoc
884 3678 967 3761 ipsum
983 3682 1099 3740 inliciunt
1115 3682 1240 3762 scripturn
1255 3700 1347 3739 irruent
1358 3700 1390 3738 err

429 3759 476 3818 M.
493 3758 570 3820 Iunii
586 3763 782 3823 commentariis.
801 3764 892 3841 Quare
914 3782 967 3821 nort
982 3760 1016 3843 est
1033 3761 1153 3835 dubium,
1172 3762 1235 3841 quin
1254 3756 1302 3819 lroc
1323 3761 1389 3818 inli-

430 3840 498 3899 ct'unt
524 3858 565 3914 u,
579 3863 635 3901 curn
649 3843 742 3902 circurn
756 3864 845 3902 rnoeros
862 3845 934 3918 itur,
946 3844 975 3903 iet
986 3842 1099 3924 populus
1112 3844 1237 3903 illiciatur
1252 3844 1290 3901 ad
1304 3842 1388 3922 magis

427 3923 528 4003 fhatus
537 3926 789 4005 eonspellrtnttquod
803 3923 899 4003 Consul
905 3926 984 4005 potest
992 3946 1084 3986 uocate
1095 3924 1124 3982 in
1140 3924 1303 3997 eum'lacuttt,
1318 3925 1389 3981 unde

434 4021 490 4062 vox
513 4006 712 4069 neronianae
733 4006 837 4091 uocetie
860 4008 983 4067 exaudiri
997 4008 1083 4088 poffit.
1105 4006 1193 4083 Quare
1214 4026 1270 4065 uua
1288 4004 1390 4085 origne
