3209 4967
423 494 492 571 320
753 464 1047 543 NOTAE

463 632 621 711 Fescennina
638 646 686 709 pcc
704 630 772 691 lunc
792 630 894 690 invasse
913 630 1020 689 licentia
1039 652 1150 708 murm,

412 748 416 761 ·
466 716 583 794 Verfibur
603 713 713 770 alternis
732 714 869 792 opprobria
889 711 982 790 rustica
995 712 1081 790 fudit.

420 795 531 861 Eodeni
544 794 658 875 pertinet
671 792 715 853 iric
732 793 809 852 locus
821 792 963 852 Varronis.

463 878 538 936 Dum
554 893 663 934 recentes
678 876 820 954 mustene]
841 870 987 937 Turnebus
1000 892 1090 954 putat,
1107 874 1180 935 hunc
1192 874 1245 936 elle
1258 874 1386 940 sertsumr

422 956 502 1019 Dum
516 958 542 1015 in
558 954 663 1015 fiscellis
678 956 789 1027 canterii
805 954 949 1035 suspiciunt
963 971 1071 1014 teneros
1086 952 1206 1017 caseolos
1227 960 1386 1019 etiamnum

422 1040 558 1100 fluitantes
574 1038 605 1097 &
620 1035 765 1109 stillantes,
779 1055 898 1115 quorum
910 1034 995 1094 saliva
1011 1036 1042 1095 dr
1057 1036 1136 1115 sapor
1146 1058 1195 1099 eos
1210 1037 1300 1100 allicit.
1315 1037 1386 1119 Ego

421 1120 520 1181 ieviter
536 1115 684 1195 aliquando
703 1114 848 1196 suspicatus
869 1115 949 1189 sum,
968 1118 1022 1175 hoc
1043 1119 1171 1199 exemplo
1189 1117 1289 1179 docete
1305 1122 1386 1180 Var-

422 1221 542 1270 ronem,
556 1196 739 1257 adolescentes
757 1196 890 1255 arcendos
905 1196 960 1257 elle
976 1195 1011 1259 ab
1028 1199 1106 1257 omni
1126 1220 1216 1259 rernm
1235 1202 1387 1281 turpitudi-

422 1300 477 1376 pe‚
496 1300 556 1361 quae
573 1279 694 1359 primum
709 1280 735 1335 in
749 1277 851 1337 oculos
868 1278 996 1351 incurrit,
1016 1298 1085 1339 mox
1103 1296 1225 1358 penetrat
1245 1282 1385 1343 animum.

422 1380 516 1443 traque
533 1359 598 1419 illud
611 1380 721 1418 recentes
736 1358 878 1418 mutabam
893 1360 920 1416 in
933 1358 1085 1437 nefrendes:
1097 1381 1159 1441 quae
1172 1382 1231 1422 vox
1247 1360 1388 1442 significat

421 1442 503 1504 telles
524 1443 636 1501 arietum
660 1441 706 1499 vel
727 1458 877 1518 porcorum
888 1486 901 1511 ,
916 1458 986 1519 ques
1002 1443 1071 1500 inter
1096 1442 1186 1501 edulia
1202 1433 1387 1524 cibstrumque

422 1524 531 1599 delicias
548 1522 628 1581 refert
639 1521 747 1581 Plinius.
763 1520 838 1581 Vide
857 1520 967 1590 Pelium
986 1523 1017 1581 dt
1032 1522 1195 1583 Placiadem.
1299 1548 1303 1554 »

466 1608 559 1665 Fenus
571 1604 629 1683 sunt
647 1600 823 1682 vespertilio]
840 1600 1060 1681 vespertitiones
1076 1602 1165 1663 forma
1181 1603 1299 1683 quadam
1315 1624 1386 1687 pro·
1512 1589 1513 1642 Ῑ

425 1686 515 1747 verbii
532 1684 658 1743 videntur
681 1684 733 1743 dici
758 1684 884 1753 homines
902 1684 1024 1761 ancipitis
1047 1682 1110 1743 fidei
1127 1685 1173 1744 vei
1189 1684 1320 1761 instituti,
1335 1704 1388 1749 aur

423 1767 590 1827 incertarum
604 1765 737 1844 partium,
753 1782 782 1823 ut
795 1762 918 1844 Tyrides
933 1763 1117 1840 Homericus,
1136 1786 1220 1847 quent

452 1840 526 1909 ,Οὐκ
545 1843 580 1907 ι’ὶν
600 1845 694 1927 ytrite
715 1846 857 1926 arriperet
872 1842 995 1922 μεσσίιι,
1070 1876 1073 1883 -

464 1926 515 1987 ’Hc
528 1929 610 2005 μετὰ
628 1932 762 2005 Τρώεσσιν
784 1924 908 2003 cursen,
923 1926 1014 2002 irretr’
1025 1926 1168 2008 Ἀχαιοῖς.

422 2007 566 2071 Nimirum
581 2006 736 2087 vespertilio
749 2008 850 2066 animal
861 2008 969 2067 incertae
984 2025 1085 2069 uaturae
1102 2008 1159 2070 est:
1178 2030 1266 2093 neque
1276 2013 1303 2072 in
1315 2031 1389 2075 mtt-

317 2132 322 2142 ,
425 2091 503 2150 cibus
521 2088 619 2166 plane,
639 2108 728 2167 neque
745 2091 771 2145 in
791 2086 966 2161 volucribus;
984 2089 1060 2167 quod
1078 2092 1140 2171 quia
1163 2091 1278 2154 interdiu
1297 2095 1387 2172 latet,

342 2238 346 2249 Ι
425 2169 510 2229 undu
532 2167 645 2238 evolat,
660 2168 696 2235 ab
710 2188 745 2227 eo
761 2166 899 2246 Ulpianus
913 2168 1132 2249 vespertilionem
1152 2170 1261 2234 servum
1284 2178 1389 2256 appel·

421 2251 521 2415 1prss
549 2248 736 2391 Ἣίξςισιιιιιι
750 2247 962 2324 metricorum,
977 2250 1071 2329 Varro
1086 2253 1297 2334 tenebrionem‚
1312 2258 1390 2329 tuci,

780 2434 904 2532 Pagina
942 2438 1023 2511 262.

440 2554 573 2643 ,Δοῦλοι
594 2554 678 2650 ''Eprrs
695 2558 791 2647 icti]
813 2562 846 2624 ln
864 2566 913 2626 vul
933 2568 982 2626 atis
1007 2533 1192 2630 librisNonii
1215 2566 1275 2628 hac
1295 2565 1389 2627 addu-
1511 2535 1512 2596 l

422 2667 520 2725 tttrttur
535 2671 569 2711 ex
584 2651 718 2727 Varrpnis
734 2647 883 2729 Agathone
931 2647 1064 2720 moselle,
1078 2665 1175 2708 utnon
1190 2648 1251 2709 satis
1266 2647 1391 2721 constet,

423 2752 460 2790 an
476 2730 545 2792 inter
560 2732 684 2822 reliquias
697 2728 861 2809 Satyrarum
876 2727 993 2788 debeant
1009 2728 1122 2802 referri,
1141 2730 1388 2868 anlpotiuptribui

425 2808 566 2873 Pacuvio:
585 2832 662 2891 culus
679 2808 816 2890 rragqedia
831 2808 991 2870 Dulorestes
1005 2831 1022 2869 a
1034 2808 1229 2871 Grammaticis
1242 2811 1333 2891 alquo

426 2894 534 2954 citatur.
550 2890 612 2974 Ego
630 2893 726 2953 leviter
745 2891 891 2969 aliquando
913 2890 1056 2971 suspicatus
1072 2890 1151 2965 sum,
1169 2891 1281 2953 Pacuvii
1292 2892 1389 2953 versus

427 2971 595 3034 eNonianis
618 2974 693 3033 libris
711 2970 857 3044 excidisse,
877 2971 940 3047 vel,
964 2971 1040 3051 quod
1056 2972 1122 3031 alias
1139 2973 1229 3051 saepe,
1243 2976 1387 3054 imperitos
1408 3033 1412 3041 ,
1510 3027 1511 3032 ,

425 3055 553 3118 librarios
563 3054 631 3115 illius
647 3054 789 3135 tragoediae
803 3048 908 3112 norneit
925 3073 989 3111 cum
1000 3052 1176 3131 inscriptione
1191 3052 1298 3134 Satyra
1313 3054 1389 3113 ilar.

427 3138 502 3196 conis
516 3137 681 3218 negligenter
696 3132 875 3211 conjunxille.
896 3132 980 3193 Nunc
998 3148 1096 3194 autem
1106 3136 1233 3195 attentius
1250 3135 1317 3195 mihi
1334 3134 1388 3194 ltac

424 3216 462 3277 de
476 3237 506 3279 te
524 3219 668 3299 cogitanti,
682 3217 791 3277 videtur
805 3215 871 3275 illud
884 3212 1028 3274 Duloreste
1040 3232 1202 3297 corruptum
1222 3214 1286 3290 elle,
1306 3234 1389 3295 atque

421 3296 461 3357 ita
476 3296 669 3357 restituendum
685 3298 749 3370 elie,
762 3292 870 3357 Ariane
879 3295 964 3375 ’Ἕριος
980 3294 1050 3357 ἐστι’.
1060 3297 1107 3355 Αιι
1122 3296 1216 3355 servus
1226 3295 1265 3357 esi
1276 3298 1390 3370 Amor,

322 3387 326 3395 '
422 3377 528 3457 inquit,
550 3380 596 3458 qui
620 3380 760 3439 hominem
783 3377 893 3437 servum
912 3374 992 3437 lacit?
1014 3394 1076 3458 quae
1096 3376 1155 3436 sunt
1172 3378 1330 3459 accipienda
1351 3378 1390 3439 de

423 3477 519 3519 amore
535 3460 642 3540 vulgari
661 3459 698 3523 dr.
708 3459 860 3538 impudico.

464 3544 525 3621 Age
540 3542 647 3619 modu]
666 3538 806 3602 Charisius
821 3539 912 3599 laudat
923 3539 1082 3601 Varronem
1097 3533 1247 3619 Menippea
1264 3537 1366 3620 Satyra
1374 3586 1389 3612 ,-

422 3620 577 3715 'Age'rnodo
598 3622 674 3701 Argo
695 3622 847 3680 citirernenr:
868 3640 951 3700 quam
973 3638 1041 3696 puto
1065 3624 1196 3700 integram
1218 3619 1274 3684 elle
1292 3619 1386 3679 inscri-

422 3719 547 3784 ptionem
565 3699 687 3784 Satyrae3
708 3703 786 3776 cujus
806 3700 912 3761 initium
930 3700 1043 3761 adducit
1062 3702 1159 3775 Junrus
1183 3698 1389 3781 Phihrgyrius,

425 3804 491 3843 cum
507 3784 609 3865 inquit,
628 3782 714 3843 Varro
721 3785 749 3843 in
761 3784 920 3862 Agemodo,·
935 3780 1075 3843 Charisius
1089 3798 1216 3860 corrupte
1231 3783 1259 3838 in
1275 3782 1388 3860 Ageno-

425 3886 464 3927 ιο.
490 3864 583 3926 Solent
600 3862 674 3924 enim
696 3879 803 3926 veteres
829 3862 1042 3943 proverbiorum
1056 3882 1105 3921 aut
1124 3860 1300 3944 insigniorum
1321 3880 1386 3921 ver·

428 3943 507 4007 suum
525 3946 656 4028 principia
673 3944 814 4007 dumtaxat
830 3959 961 4021 recitare,
976 3960 1006 4007 ut
1016 3965 1059 4068 px
1073 3941 1219 4035 Ciceronis
1230 3942 1306 4007 ibris
1322 3938 1388 4024 Epi·
