3209 4967
807 206 818 265 ‘t

414 434 479 523 1r2¹
628 348 1240 479 ’ΝΟἸἘ Ι

407 554 444 625 de
468 564 666 638 cervicalibus,
684 582 731 623 aut
748 563 882 644 pulvinis,
902 561 985 645 ἔχεις
1005 564 1111 647 ἄχυρα
1132 566 1182 626 καὶ
1203 563 1375 647 χιοῦι,·ειίι.

408 645 499 706 Latini
511 661 613 719 autem,
631 645 764 726 quidquid
782 661 910 705 tomento
929 645 1118 721 inculcabant,
1133 647 1275 707 vocabant
1291 650 1376 708 culci-

408 746 475 787 tam.
495 729 567 786 unde
583 728 607 787 ei
617 747 732 786 nomen.
747 725 845 809 ltaque
863 727 1082 800 centumculum‚
1103 725 1179 809 quod
1195 728 1374 791 Dioscorides

405 807 527 949 {lim
554 823 655 882 vocat,
673 806 702 868 id
722 806 762 869 est
785 806 950 889 pulvillum,
973 808 1099 869 culcitam
1120 810 1238 891 appellat
1262 809 1374 871 Plautus

444 906 511 949 rute:
1353 910 1356 916 '

284 1041 286 1046 Ι
359 984 364 995 ’
411 1013 414 1017 ι
451 970 588 1049 Caufiam,
603 970 708 1051 inquit,
722 970 821 1029 habeas
830 971 1024 1068 ferrugineam,
1040 970 1162 1031 culcitam
1176 972 1208 1031 ob
1227 974 1317 1033 oculos
1331 974 1373 1032 la-

542 1099 546 1104 .
591 1074 677 1111 neam.
702 1052 834 1111 SCALIG.

358 1207 361 1211 ἢ
447 1119 495 1192 lin.
514 1153 562 1194 at.
579 1131 655 1213 An]
675 1120 769 1213 Matg'.
786 1130 887 1213 Scalig.
909 1133 967 1194 hac.
1316 1174 1317 1179 κ

448 1215 495 1273 lin.
512 1234 549 1273 22
561 1214 601 1295 sq.
623 1214 776 1286 Pulvinar,
794 1214 840 1272 uel
848 1236 865 1272 a
879 1214 1013 1292 plumeis,
1031 1215 1075 1275 uel
1088 1213 1235 1295 apelluleis
1250 1214 1373 1275 declinas

407 1296 500 1371 runt]
517 1293 595 1375 Lego
611 1296 640 1352 in
655 1296 710 1353 anti
751 1314 771 1353 ο
795 1294 880 1355 libro:
900 1294 1032 1355 Puluinar
1049 1298 1092 1356 vel
1103 1319 1122 1355 a
1136 1296 1277 1378 pluribus,
1296 1298 1340 1355 uel
1353 1320 1373 1357 a

404 1376 519 1456 pallulis
540 1376 706 1436 declinatum.
749 1373 862 1435 'ollerius
888 1377 979 1457 utique
1004 1376 1183 1437 veriffimum.
1206 1378 1373 1437 Puluinaria

374 1462 382 1472 “
408 1458 485 1517 enim
497 1456 602 1535 pullula
619 1458 760 1537 &exigua
779 1456 840 1517 sunt
856 1456 959 1517 culcitis
975 1474 1155 1539 comparata:
1174 1458 1263 1519 led&
1276 1480 1310 1518 ea
1322 1460 1373 1519 lra-

406 1537 474 1597 bere
498 1538 575 1618 plura
594 1535 805 1616 patresfamilias
824 1536 918 1599 solent.
939 1538 1014 1599 Cato
1033 1539 1160 1599 labellum
1172 1539 1305 1620 pollulum
1320 1560 1374 1621 pro
1393 1577 1397 1582 -

407 1639 521 1699 parvo,
538 1618 638 1679 eodem
652 1619 740 1679 modo
756 1619 832 1679 dixit.
849 1618 948 1679 Potest'
958 1622 990 1680 ¹&
1006 1620 1061 1679 dici
1076 1618 1113 1679 fic
1131 1635 1263 1681 vocatum
1275 1667 1284 1694 ‚
1294 1622 1339 1681 vel
1356 1642 1374 1681 a

277 1773 281 1785 Ι
408 1700 532 1779 pluribus
549 1700 725 1772 hominibus,
741 1699 787 1760 vel
799 1720 816 1758 a
826 1700 950 1780 pollulis:
964 1700 1047 1781 idque
1058 1700 1271 1763 consentaneum
1287 1703 1375 1783 magis

408 1779 470 1860 ejus
483 1781 622 1842 voluntati
636 1780 784 1857 videbitur.
800 1779 854 1840 Pro
867 1780 999 1861 pluribus,
1009 1782 1107 1863 plumis
1123 1782 1207 1843 edunt
1224 1782 1376 1843 formularii

406 1861 495 1923 libri:
537 1868 589 1922 uos
611 1884 671 1921 non
700 1862 884 1941 reprehendo.
905 1860 1059 1925 TURN'EB.
1086 1862 1267 1925 Scribendum
1288 1882 1376 1945 puto,

411 1944 442 2001 A
458 1883 578 2022 polulisp
590 1941 707 2016 Polum,
728 1940 883 2026 1ἷειιΡοΙῖε,
901 1957 978 2003 erant
997 1945 1060 2024 pilae
1075 1964 1109 2004 ex
1122 1944 1212 2015 aluta,
1233 1946 1309 2005 'molli
1326 1964 1375 2005 to·

408 2043 506 2085 mento
525 2023 638 2096 larda,
655 2025 754 2104 quibus
773 2024 887 2085 datatim
902 2025 1030 2085 ludebant
1045 2028 1073 2084 in
1089 2026 1158 2086 fo'ro.
1176 2024 1261 2085 Unde
1279 2021 1379 2107 polire,

297 2123 302 2134 ·
407 2104 464 2183 pila
477 2104 571 2164 ludere
587 2104 715 2164 dicebant
728 2120 844 2165 veteres.
861 2104 967 2168 Audor
980 2100 1085 2167 Festus.
1097 2106 1128 2166 ld
1143 2105 1376 2168 traclumaGrae·

183 2205 186 2220 ¹
295 2254 297 2258 Ι
409 2205 457 2243 co.
468 2183 546 2244 Nam
557 2182 926 2265 oamnerraecesrgnilicat
935 2204 1086 2262 veretrum,
1094 2188 1170 2327 ‹puod
1182 2186 1334 2269 gestabatur
1345 2189 1375 2247 in

408 2285 514 2346 pompa
531 2264 632 2326 liberi.
645 2265 768 2325 Primum
782 2267 819 2325 ita
834 2266 998 2339 vocabatur,
1015 2287 1098 2347 quam
1119 2268 1145 2327 iu
1162 2268 1239 2329 fiere't
1253 2290 1288 2329 ex
1305 2268 1377 2333 ficu:
1436 2326 1439 2333 ⁴

285 2362 289 2371 ·
449 2346 556 2427 llquam
567 2366 602 2406 ex
612 2347 684 2407 aluta
694 2347 776 2407 rubra
788 2344 847 2407 fieti
856 2366 974 2428 coeptus,
983 2348 1070 2409 dictus
1085 2349 1198 2425 monlon
1211 2350 1305 2415 Abeo
1320 2350 1376 2411 Po·

379 2473 384 2491 .
408 2367 579 2501 ldmona,
599 2446 662 2507 quae
674 2449 709 2490 ex
726 2428 799 2487 aluta
815 2428 929 2489 fiebanr.
946 2429 980 2489 Et
994 2429 1166 2503 polimenta,
1181 2429 1293 2492 testiculi
1311 2452 1376 2511 por-

409 2527 509 2568 cotum
527 2509 608 2580 dicti,
629 2507 776 2589 postquam
793 2510 828 2569 ex
846 2509 892 2569 illo
908 2510 1027 2571 folliculo
1041 2513 1179 2592 evaginati
1196 2530 1273 2572 erant
1290 2512 1318 2572 in
1330 2534 1377 2571 ca·

409 2586 550 2651 llratione.
567 2590 685 2651 Verrius
701 2590 797 2670 ineptit
810 2612 827 2649 a
840 2591 983 2672 politione.
1000 2590 1045 2653 Sic
1062 2596 1206 2671 ιφαλλῦι
1224 2593 1313 2667 follis,
1327 2594 1376 2672 qui
1394 2620 1397 2625 ·

409 2671 445 2730 ὃ(
462 2669 584 2731 suffiscus
600 2674 628 2732 in
648 2670 788 2732 testiculis
803 2669 881 2753 fugo
898 2672 1027 2753 polvinar
1041 2675 1151 2755 apolis:
1166 2675 1242 2756 quod
1257 2696 1294 2734 ex
1315 2674 1377 2734 alu·
1463 2692 1466 2699 ’

409 2766 491 2812 taceo
506 2752 608 2813 scorto.
625 2752 711 2813 Unde
727 2752 849 2819 caritura
873 2754 1098 2835 προσκεφάλαια
1113 2755 1224 2816 Polluci.
1243 2755 1311 2816 lnde
1328 2774 1379 2815 co·
1399 2784 1403 2791 ·

410 2850 562 2915 gnomenta
582 2832 729 2908 Romana,
746 2835 885 2915 Polliones
908 2836 939 2896 δι
959 2838 1204 2899 Pollae.ScAL1G.
1356 2835 1365 2846 Α

453 2914 501 2975 lin.
523 2935 570 2997 ²5·
591 2915 625 2974 ln
649 2917 708 2975 heis
733 2916 817 2975 multa
839 2916 995 2998 peregrina,
1010 2935 1041 2977 ut
1063 2919 1181 2997 Sagram,
1201 2918 1277 2975 Reno
1298 2916 1377 2975 Gall'

280 3035 290 3062 .·
340 3055 343 3062 Α
383 3024 387 3030 ·
411 2989 478 3076 quid
492 3016 687 3077 gaunocumma.
700 2995 755 3075 ejus
769 2998 881 3077 fagum,
894 2997 922 3056 dt
937 2997 1128 3077 Amphimal'on
1144 2994 1267 3075 Graeca]
1284 2994 1380 3056 Locus

412 3076 570 3138 mendosus.
597 3078 786 3139 AUGUSTIN.
807 3077 901 3158 Lego:
924 3080 965 3137 Ut
979 3076 1094 3156 sagum,
1115 3078 1224 3148 Rheno,
1247 3075 1380 3155 Gallica.-

411 3180 549 3239 gaunact,
574 3158 789 3238 amphimallum,
808 3157 906 3215 Gracc.
924 3156 1002 3233 quod
1019 3155 1141 3215 additum
1157 3154 1214 3228 est,
1233 3155 1321 3237 majus
1329 3158 1381 3235 ſsa

412 3258 490 3317 gum,
506 3238 692 3317 interpretatio
708 3235 748 3295 est
771 3236 890 3295 hominis
908 3236 1040 3305 ineruditi.
1067 3234 1237 3317 Hesychius:
1264 3240 1378 3304 Kaeutlt·

412 3337 467 3376 acac
482 3314 640 3397 σιρόμιιτιι
652 3318 667 3378 lt
678 3314 836 3385 ἐπιβόλιιιιι
852 3312 1057 3397 mmmmm,
1070 3319 1097 3375 id
1110 3317 1160 3389 est,
1176 3339 1300 3397 gaunacm
1317 3318 1378 3381 sunt

304 3454 307 3458 ,
392 3445 395 3451 .
410 3396 532 3478 llragula
540 3412 587 3455 aut
600 3398 772 3476 operimenta
785 3396 869 3464 altera
887 3415 963 3476 parte
976 3396 1082 3458 villosa.
1094 3397 1141 3459 Est
1155 3402 1187 3461 δι
1197 3419 1319 3481 gannace
1331 3419 1378 3481 ge·

412 3496 466 3537 taus
482 3476 554 3558 pallii
565 3476 601 3536 ad
614 3477 795 3538 induendum.
807 3478 958 3541 TURNEB.
977 3478 1047 3539 Haec
1064 3500 1174 3561 quoque
1192 3484 1289 3561 pariter
1300 3500 1378 3539 men·

410 3557 483 3619 dosa
496 3558 621 3639 leguntur
637 3562 669 3617 in·
684 3557 803 3619 editione
825 3560 962 3620 Romana.
979 3558 1056 3639 Quae
1072 3560 1167 3621 tamen
1183 3583 1239 3621 non
1260 3562 1377 3621 multum

413 3640 514 3702 absunt
533 3659 550 3697 a
567 3655 635 3701 vera
653 3637 792 3701 ledione:
814 3640 847 3698 In
872 3641 915 3699 tis
935 3641 1018 3699 multa
1036 3644 1197 3723 peregrina,
1215 3663 1246 3703 ut
1264 3644 1377 3721 sagum,

306 3732 315 3748 '
413 3744 475 3783 reno
498 3720 622 3783 Gallica:
642 3720 799 3779 Gaunacum
819 3721 908 3802 majus
916 3724 1028 3803 sagum,
1041 3722 1286 3802 &aruphimallom
1306 3725 1378 3784 Gra-

413 3824 463 3875 ιι,
477 3802 671 3882 Interpretatur
690 3799 859 3862 Gannacum
873 3806 964 3879 majus
988 3802 1105 3885 sagum,
1123 3806 1200 3888 quod
1219 3802 1293 3869 ellet‘
1304 3803 1378 3865 ctas·

413 3883 476 3946 liun
486 3881 689 3947 vestimentum.
703 3880 900 3967 Aristophanes
915 3882 1035 3967 Vulpis:
1052 3892 1053 3898 ’
