3209 4967
416 559 487 634 ²30
624 477 627 482 Ι
749 529 1041 604 NOTAE

415 694 552 754 arbitror:
582 694 662 753 Unde
681 690 778 751 triones
799 706 829 748 ut
854 687 982 762 dicerent,
1011 707 1037 747 er
1066 685 1196 746 detritum.
1223 683 1378 748 TURNBR.

416 773 509 856 Marg.
528 771 627 854 scalig.
645 771 768 834 edttrt'to.

459 855 504 913 lin.
527 874 571 914 to.
588 852 713 933 Aliquod
728 852 811 911 lunen
821 849 932 931 jubante
948 852 976 910 in
991 849 1053 910 colo
1067 850 1191 988 rernm?
1208 845 1275 908 Sunt
1292 847 1379 908 verba

420 932 517 1008 Aiacis
535 955 570 996 ex
583 933 720 1015 tragoedia
736 931 914 1013 Ennii,.quae
932 930 1045 991 nomine
1060 931 1119 1003 ejus
1135 931 1160 988 in
1174 930 1261 1010 cripta
1280 927 1336 999 eli,
1351 944 1380 988 ut

421 1035 438 1076 e
454 1015 502 1076 lib.
517 1036 530 1094 5
549 1013 663 1076 constat.
684 1015 780 1094 ltaque
796 1013 874 1094 quod
892 1013 936 1072 hic
950 1013 978 1071 in
995 1010 1131 1071 nonnullis
1147 1010 1220 1070 libris
1237 1007 1296 1082 est,
1314 1008 1380 1070 Ati·

417 1100 491 1177 quod
504 1095 607 1168 lumen,
621 1096 790 1156 mutaverim
812 1095 860 1169 in,
875 1093 956 1176 Ajnx
970 1094 1039 1174 quod
1058 1093 1156 1152 Lumen
1173 1091 1230 1152 διε.
1248 1089 1380 1154 ΡΟΡΜΔ.

458 1176 504 1238 lin.
524 1195 570 1257 ¹5·
591 1177 656 1236 Inde
672 1177 715 1236 hic
733 1177 794 1234 lene
807 1183 925 1254 potuu]
941 1176 1028 1254 Vulg.
1042 1174 1107 1234 Inde
1122 1173 1181 1232 bene
1198 1191 1321 1254 appetet.

457 1259 525 1319 Inde
543 1261 605 1318 berre
623 1275 737 1338 appotus
748 1258 861 1337 primulo
880 1255 1027 1337 crepusculo

460 1341 579 1400 Domum
598 1339 634 1400 ite
653 1337 717 1419 coepi
736 1339 838 1397 tramite
858 1341 954 1397 dextra
974 1339 1029 1396 iia.
1053 1335 1188 1398 Scittio.

431 1463 434 1468 -
459 1419 574 1481 lin.18.
598 1421 629 1481 ln
654 1419 814 1501 Condalio]
843 1415 883 1479 Ea
899 1418 950 1478 suit
967 1416 1095 1478 translata
1113 1437 1149 1476 ex
1169 1413 1333 1476 Menandro.
1352 1413 1381 1474 Is

417 1501 492 1560 enim
516 1501 642 1561 laudatur
662 1500 698 1559 ab
721 1500 859 1562 Atheneo
885 1497 1092 1576 troentinate.
1116 1496 1283 1560 Condalium
1309 1497 1380 1558 enim

420 1579 735 1644 innumerosorum.
847 1607 851 1616 ¹

461 1662 523 1722 ead.
545 1665 611 1722 Turn
628 1662 774 1744 crepusculo
798 1659 883 1744 δια]
908 1658 1047 1722 Fortasse:
1068 1659 1133 1718 Tam
1150 1658 1294 1741 crepusculo
1304 1657 1382 1740 fere,

420 1761 451 1806 ttt
470 1765 578 1818 amens,
594 1745 733 1824 lampadas
753 1744 882 1804 accendit.
906 1744 1041 1805 scinu.

460 1824 506 1886 tin:
525 1843 572 1903 23.
591 1830 637 1888 At
650 1825 734 1884 redito
750 1823 921 1916 conticinio]
932 1826 1026 1906 Lego:
1047 1821 1145 1882 Redito
1165 1821 1216 1882 stuc
1230 1820 1382 1884 conticinio.

421 1905 575 1969 TURNEB.
596 1907 687 1988 Marg.
702 1903 801 1986 Scalig.
816 1906 848 1980 I,
867 1907 957 1966 redito.

461 1987 573 2047 lintis.
590 1989 732 2065 Reciproca
742 1985 851 2046 tendens
870 2007 947 2048 nerto
962 1985 1054 2066 equino
1064 1983 1168 2045 concita
1184 1981 1260 2064 teln]
1276 1981 1318 2046 Ita
1336 2006 1384 2046 ac·
1429 2014 1434 2026 ·

419 2067 578 2146 cipiendum
591 2066 817 2148 augurortCum
833 2089 911 2128 arcus
931 2068 1068 2141 tenditur,
1085 2065 1179 2145 sagitto
1198 2065 1233 2124 ad
1252 2087 1302 2125 nos
1320 2087 1384 2126 ver·
1424 2137 1429 2144 ,

420 2147 464 2210 sus
478 2149 611 2218 trahitur,
626 2165 688 2227 quae
708 2167 791 2222 mox,
808 2148 875 2207 dum
892 2150 1022 2221 mittitur,
1037 2147 1065 2204 in
1085 2162 1291 2226 campartem,
1310 2147 1383 2207 unde

329 2236 333 2245 “
419 2228 594 2304 trahebatur,
610 2228 703 2311 redite
718 2229 800 2306 idque
817 2227 867 2302 cst,
881 2229 957 2308 quod
974 2229 1146 2307 reciprocum
1157 2228 1282 2307 appellat.
1295 2227 1382 2289 'lutt-
1424 2247 1429 2254 ·

420 2323 499 2372 ΗΕΒ.
521 2307 582 2368 Erit
604 2311 724 2370 trimeter
748 2309 891 2383 Jambicus
916 2330 981 2371 cum
1000 2309 1140 2391 principio
1162 2307 1384 2392 c'tttpocrtxidor.

420 2387 476 2450 Sed
491 2391 587 2450 melius
600 2407 668 2470 puto
684 2393 719 2450 ita
737 2391 917 2453 concinnari:
1263 2433 1265 2436 -

363 2534 366 2539 ,
470 2474 585 2532 Tendens
605 2493 682 2552 nervo
703 2473 756 2559 tela
776 2472 905 2555 reciproca

462 2554 572 2617 Concita
589 2554 692 2631 equino.
997 2617 1001 2624 ,

419 2630 514 2695 Simile
530 2633 603 2715 apud
619 2633 788 2713 Sophoclem
802 2634 832 2692 in
848 2631 1022 2694 Trachiniist

432 2752 437 2760 ‹
542 2745 607 2764 ι·-
627 2713 640 2773 i
660 2713 696 2778 si
716 2713 869 2795 βακχείας
890 2715 950 2775 sino

454 2779 549 2858 *sinite
569 2793 729 2857 nentem
749 2792 848 2866 Θήβας

460 2875 560 2955 Tigu,
581 2876 632 2935 eui
652 2878 792 2957 timer,
813 2875 939 2958 §lemn
960 2897 994 2937 nt
1014 2878 1188 2939 trideroni.¹

420 2955 593 3035 Reciproca,
608 2960 649 3018 ru
665 2959 831 3020 παλίντονα.
851 2955 917 3018 Non
933 2974 1026 3020 tamen
1038 2957 1184 3032 affirmem,
1206 2955 1259 3018 else
1276 2977 1310 3018 ex
1327 2955 1380 3017 illis

420 3025 563 3117 Sophoclis
580 3036 666 3097 versa.
685 3037 868 3118 Quamquam
884 3035 1039 3099 Trachiniae
1059 3038 1144 3098 versae
1162 3039 1221 3098 sunt
1238 3039 1273 3098 ab
1290 3038 1381 3099 Attio.

420 3118 464 3183 Ex
484 3120 584 3199 quibus
610 3117 710 3180 Cicero
730 3140 746 3180 2
766 3117 924 3180 Tusculana
949 3118 1074 3179 Herculis
1097 3117 1156 3196 jam
1179 3119 1383 3199 propemodum

418 3199 538 3278 depositi
554 3196 765 3268 exclamationes
774 3201 830 3260 illas
845 3201 881 3259 ad
895 3202 1013 3260 verbum
1030 3221 1063 3259 ex
1078 3199 1217 3278 Sophocle
1233 3199 1324 3260 versas
1334 3199 1383 3258 ad·

419 3280 505 3339 ducit.
524 3281 626 3360 Neque
646 3273 738 3340 canteri
753 3266 859 3358 hornen
871 3281 945 3358 ‚Attii
968 3281 1073 3361 posuit,
1092 3299 1121 3338 ut
1137 3283 1164 3339 in
1180 3281 1270 3340 alteris
1292 3279 1383 3340 verst-

419 3358 489 3435 bns,
500 3381 570 3440 quos
586 3381 653 3422 mox
671 3359 817 3432 adscribit,
832 3381 888 3421 non
902 3360 993 3422 laudat
1003 3361 1141 3422 aussorem
1157 3360 1265 3421 Attium
1276 3363 1303 3419 in
1314 3359 1383 3421 Pro·

418 3440 551 3513 metheo,
573 3442 620 3520 qui
638 3441 697 3500 illos
712 3440 806 3502 versus
825 3440 874 3504 scri
896 3439 943 3514 stt,
961 3441 1010 3532 sed
1028 3441 1208 3524 AEschylum,
1224 3463 1259 3502 ex
1270 3461 1327 3523 quo
1345 3441 1383 3500 illi

418 3521 538 3580 translati
564 3520 643 3582 sunt:
664 3543 729 3582 cum
748 3540 843 3582 tamen
860 3463 914 3582 elle
934 3543 968 3583 ex
985 3523 1150 3584 Prometheo
1169 3523 1256 3598 Attii,
1282 3523 1383 3602 aliquot

419 3598 548 3664 Nonii&
562 3599 692 3662 Prisciani
711 3603 814 3662 indiciis
831 3603 1047 3684 cognoscamus:
1063 3607 1108 3684 qui
1122 3605 1182 3676 illa,
1198 3623 1258 3684 quae
1277 3601 1383 3663 exstant

292 3717 295 3723 ·
419 3681 496 3761 apud
509 3682 690 3758 Ciceronem,
703 3685 867 3745 nominatim
880 3704 914 3744 ex
924 3683 1089 3751 Prometheo
1100 3683 1170 3745 Attii
1181 3686 1275 3747 citant.
1287 3682 1383 3745 Utras-

418 3783 475 3840 que
494 3783 562 3845 ergo
584 3763 721 3826 versiones
736 3765 816 3824 unius
833 3763 901 3826 Attii
920 3763 991 3838 effe,
1011 3765 1076 3826 hinc
1094 3763 1237 3827 manifesto
1259 3779 1382 3844 apparet.

419 3841 456 3904 Et
471 3844 545 3905 liilus
562 3845 620 3923 ipse
638 3846 726 3908 mitlto
741 3846 856 3928 plenior,
873 3865 957 3926 quam
972 3843 1117 3908 Ciceronis
1133 3849 1165 3906 -in
1187 3844 1381 3906 transferendis

399 3977 403 3984 ,
419 3929 554 4005 poematis
570 3923 695 4002 Graecis,
712 3927 744 3990 ὃ(
759 3925 831 3986 aliud
844 3925 963 3987 seculum
973 3927 1135 4004 redolet,&
1148 3925 1305 3988 mehercule
1320 3926 1381 3986 lon·

419 4025 453 4088 ge
475 4006 578 4070 felicius
602 4010 742 4093 ingenium
758 4009 909 4090 poeticum.
933 4007 1156 4090 Quodridcirco
1178 4007 1325 4083 admonui,
1344 4021 1395 4069 ne·
