3209 4967
367 529 410 595 14
679 465 973 576 nora

363 663 457 733 ciunt,
475 658 522 741 qui
535 657 750 732 interficiuntur„
770 661 926 741 caduntque
949 662 979 719 in
998 677 1110 723 terram.
1129 660 1221 727 Simile
1235 663 1279 727 esl
1294 667 1328 728 il·

364 742 412 804 lud
437 742 571 815 Homeri,
594 736 642 802 ἕλε
674 740 770 824 'yuiuu
796 742 929 825 ἀγοστῷ.
954 743 1105 805 TURNEB.
1125 740 1326 813 Homericum:

333 866 336 873 ·
404 817 492 885 Αὗτοτ
508 820 537 882 dl
556 823 583 886 ἐν
598 822 699 903 κονίῃσι
718 824 814 887 πεσὼν
834 820 988 906 ἕλεγοοῖοιο
1002 824 1133 907 ἀγοστῷ.

361 902 441 969 Idem
458 904 565 981 Ennius
583 906 684 967 Annali
701 910 734 965 X
742 929 750 965 .·
777 907 922 986 Piusebant
942 926 1033 967 terram
1051 909 1163 987 genibus
1180 942 1226 973 -.
1239 912 1329 997 Apud

361 984 532 1049 Diomedem
555 1008 699 1068 perperam
715 1009 815 1059 ceram,
836 1009 889 1067 pro
907 1008 1014 1055 terram.
1026 993 1161 1051 ScALIG.

400 1070 446 1131 lin.
462 1090 492 1147 7.
505 1072 550 1129 Ab
561 1092 608 1145 eo,
620 1073 665 1150 qui
674 1072 815 1145 Romanus
830 1072 972 1148 combustus
985 1073 1044 1151 esl]
1057 1073 1103 1129 Ab
1119 1094 1149 1131 eo
1158 1116 1168 1142 ‚
1177 1075 1223 1153 qui
1237 1080 1327 1137 Romu

361 1172 413 1212 uon
432 1152 573 1233 combustus
587 1153 628 1232 est.
645 1154 693 1213 Ab
708 1174 737 1213 eo
751 1156 839 1233 quoad
854 1153 944 1212 Romu
961 1154 1103 1233 combustus
1119 1156 1161 1233 est.
1180 1163 1327 1240 uirumque

359 1232 498 1313 ingeniosa
507 1231 727 1315 investigatione.
738 1234 927 1295 AUGUSTIN.
948 1234 994 1292 Ab
1012 1256 1064 1307 eo,
1079 1237 1155 1314 quod
1169 1257 1244 1314 quom
1261 1239 1327 1301 Ro.

358 1334 456 1375 manus
467 1314 632 1376 combustus.
647 1314 748 1396 Neque
763 1318 837 1375 enim
853 1314 1034 1395 hic'ponenda
1047 1313 1165 1397 negatio.
1178 1318 1326 1383 Videndus
1367 1331 1369 1334 '

358 1393 461 1457 Cicero
477 1397 525 1458 lib.
542 1396 603 1457 ade
617 1396 714 1478 Legib.
735 1394 812 1459 Nam
825 1385 930 1457 etiamsi
949 1396 1048 1458 Romae
1062 1397 1221 1457 combustus
1239 1401 1327 1477 esset,

358 1499 415 1537 non
431 1478 571 1540 dicebatur
583 1479 728 1549 humatus,
738 1496 886 1557 antequam
899 1476 969 1552 julla
978 1478 1111 1558 persoluta
1121 1476 1221 1541 essent:
1234 1502 1324 1561 neque

357 1560 468 1640 proprie
477 1558 558 1634 sirus,
568 1558 618 1619 nisr
635 1559 762 1641 imposita
773 1560 961 1639 inscriptione:
972 1560 1047 1637 quod
1062 1559 1147 1620 siebat
1157 1560 1328 1624 denicalibus

356 1640 438 1702 seriis.
450 1638 548 1734 illeque
568 1642 720 1701 antediem
739 1640 871 1707 odlavum
888 1640 1077 1719 sepeliebatur,
1094 1661 1125 1702 ut
1143 1641 1180 1699 ait
1200 1640 1325 1709 Servius.

253 1740 256 1749 ·
358 1721 452 1803 ltaque
463 1742 536 1784 mtra
549 1723 577 1783 id
587 1740 695 1805 tempus
708 1722 852 1783 dicebatur
866 1721 919 1783 elle
932 1722 1012 1802 supra
1025 1740 1133 1784 terram.
1144 1721 1235 1801 Quod
1244 1724 1326 1806 srg'ni.

358 1802 422 1863 ficar
429 1803 522 1865 Varro
539 1804 573 1865 de
588 1804 655 1865 Vita
668 1805 766 1885 populi
784 1803 870 1865 Rom.
891 1804 938 1863 lib.
954 1823 988 1883 3,
1003 1825 1066 1865 cum
1082 1805 1120 1865 ait
1135 1822 1143 1863 ε
1166 1806 1325 1885 Propinqua

356 1886 552 1966 adolescentula
566 1886 645 1948 eriam
670 1886 854 1960 anrlracim‘s,
868 1885 997 1964 proximu
1019 1884 1132 1945 amiculo
1148 1885 1262 1965 nigello,
1276 1911 1324 1948 ca.

353 1966 423 2047 pilu
440 1967 545 2047 demifflu
558 1970 724 2049 sequerentur
742 1968 857 2028 bublum:
876 1986 907 2026 ut
919 1970 980 2025 Mu
989 1968 1075 2048 supra
1097 1985 1188 2027 terram
1200 1969 1275 2048 effer,
1285 1970 1324 2027 οἱ·

356 2048 436 2107 ciniis
461 2050 575 2129 lugerent
589 2075 601 2123 ;
611 2050 706 2129 funere
727 2048 800 2128 t'pfh,
817 2047 904 2127 pullis
920 2049 1016 2129 palliis
1037 2049 1144 2108 amibluss
1174 2047 1323 2135 Haectille.

263 2146 268 2154 ‘
356 2128 399 2187 Ut
417 2151 480 2190 ante
497 2131 664 2191 novendiale
684 2130 807 2203 sacrum,
822 2129 901 2211 supra
912 2147 1015 2189 terram
1032 2128 1086 2193 elle
1108 2129 1322 2191 dicereturzubi

353 2226 475 2271 ureretur
486 2257 496 2285 ,
507 2212 586 2284 locus
600 2212 655 2287 ille,
676 2210 801 2273 Ullrina:
816 2231 882 2271 cum
898 2212 1024 2271 conditus
1049 2209 1130 2284 elset,
1145 2210 1242 2273 sunus:
1259 2210 1321 2292 poll

354 2292 478 2353 denicale
504 2293 626 2367 sacrum,
651 2294 799 2354 humatus:
829 2294 876 2353 ubi
901 2294 1044 2365 humarus,
1068 2291 1148 2351 locus
1168 2292 1211 2351 ille
1233 2291 1323 2374 sepul·

355 2394 452 2448 crum,
469 2374 503 2435 δι
516 2374 633 2453 τύμβος.
650 2375 681 2437 In
701 2376 796 2435 verbis
814 2374 952 2435 Varronis
976 2372 1122 2455 quadam,
1140 2392 1201 2452 quae
1226 2394 1322 2434 corru-

354 2474 401 2534 pta
421 2455 579 2537 legebantur
598 2457 674 2537 apud
690 2455 833 2532 Nonium,
848 2455 1076 2516 emendavimus:
1096 2456 1128 2515 &
1145 2454 1252 2513 divulsa
1262 2455 1321 2516 duo

187 2569 192 2573 ·
260 2593 263 2598 ,
352 2535 504 2611 testimonia
519 2538 547 2595 in
564 2559 650 2599 unum
664 2538 868 2612 conjunximus.
883 2538 1017 2599 ScALIG.
1037 2536 1106 2595 Vox
1128 2539 1268 2595 Romanus
1283 2538 1321 2595 ir·

352 2616 439 2697 repsit
452 2640 486 2680 erc
501 2618 692 2681 additamentis
710 2620 856 2681 hominum
880 2618 979 2679 nostrae
998 2614 1156 2699 religionis,
1170 2620 1216 2695 qui
1233 2617 1321 2679 multa

295 2696 296 2701 '
352 2699 435 2775 hujus
448 2702 554 2783 generis
573 2703 600 2759 in
618 2718 744 2761 veterum
760 2701 858 2781 scripta
872 2698 1049 2769 insarserunt,
1067 2698 1193 2758 notandae
1209 2697 1319 2759 illorum

303 2794 312 2812 s
354 2779 551 2861 superstitionis.
572 2784 711 2844 Humatis
733 2782 834 2841 dicitur
853 2799 986 2851 mortuus,
1004 2780 1106 2859 inquit,
1127 2801 1184 2859 cum
1199 2798 1266 2839 terra
1284 2781 1321 2861 est

352 2862 468 2925 obrutus.
488 2864 574 2946 itaque
594 2863 640 2945 qui
659 2864 801 2943 combustus
818 2865 869 2943 est,
879 2863 909 2940 fi
922 2862 951 2919 iu
961 2861 1106 2943 sepulerum
1121 2861 1200 2939 gleba
1219 2860 1319 2937 abjecta

353 2964 406 3003 non
423 2946 474 3021 cll,
489 2964 537 3003 aur
546 2948 575 3025 fi
592 2966 623 3006 os
649 2945 784 3026 absciffum
799 2950 838 3007 ad
849 2942 987 3035 firmiliani
1005 2946 1190 3021 purgandam,
1210 2942 1319 3001 necdum

248 3057 252 3063 ·
348 3024 604 3108 perffilurisjuslis,
619 3029 696 3087 humo
709 3048 761 3087 nou
779 3028 813 3106 ess
833 3044 962 3104 opertum,
976 3045 1002 3082 us
1022 3024 1135 3102 censetur
1152 3022 1320 3091 inhumatus,

355 3104 382 3163 dr
390 3106 502 3188 fhmilia
519 3130 572 3167 nou
593 3110 626 3188 est
635 3130 705 3187 pura
714 3154 724 3181 ‚
736 3108 880 3185 diciturque
894 3123 1010 3165 mortuus
1028 3100 1161 3170 humilior,
1180 3098 1255 3178 quasi
1272 3101 1320 3179 qui
1401 3154 1404 3159 ,

351 3185 432 3267 supra
447 3190 563 3249 humum
578 3188 619 3250 stt.
635 3188 701 3248 Erat
714 3204 807 3247 autem
821 3184 994 3246 intervallum
1003 3181 1108 3261 septem
1125 3180 1249 3251 dierum,
1261 3202 1319 3260 quo

352 3286 477 3331 mortuus
487 3270 630 3329 dicebatur
647 3268 700 3329 esse
718 3267 798 3349 supra
816 3284 934 3336 terram,
952 3266 984 3324 δι
1002 3264 1039 3323 ad
1056 3283 1088 3321 os
1098 3262 1162 3320 illud
1177 3262 1318 3322 servatum

351 3348 423 3425 justa
436 3351 467 3411 &
482 3350 612 3410 sacrificia
629 3351 653 3411 ei
672 3348 907 3431 persolvebantur.
925 3344 1041 3407 Obluvo
1057 3343 1102 3403 die
1115 3341 1176 3423 post
1192 3343 1317 3403 denicale

350 3430 459 3506 sacrum
482 3432 666 3508 humabatur,
681 3434 714 3493 ὃ(
731 3451 764 3491 os
780 3429 846 3488 illud
860 3444 1006 3507 exceptum
1032 3445 1096 3484 cum
1115 3426 1212 3488 cereris
1229 3424 1257 3482 in
1272 3445 1317 3483 ur-

352 3534 388 3573 na
411 3513 588 3574 condebatur.
603 3512 697 3574 Varro
712 3510 746 3573 de
760 3511 831 3571 Vita
847 3531 915 3591 pop.
928 3508 1015 3570 Rom.
1033 3507 1079 3566 lib.
1098 3525 1131 3585 3:
1147 3507 1249 3583 Quoad
1267 3508 1317 3564 bu·

350 3612 440 3657 motus
461 3616 515 3653 nou
523 3597 578 3671 fit,
595 3596 681 3653 beredi
693 3614 774 3673 porca
790 3595 955 3675 pruciduuea
972 3590 1138 3670 stcscipieudu
1167 3588 1264 3645 Telluri
1287 3585 1316 3645 6·

354 3678 455 3740 Cereri:
473 3676 550 3736 aliter
557 3676 668 3755 sexmilia
683 3696 752 3755 pura
769 3697 823 3734 non
838 3676 880 3755 est.
898 3672 959 3735 Cic.
973 3672 1009 3731 de
1028 3669 1148 3751 Legibus
1163 3690 1197 3728 2:
1210 3669 1264 3727 Siti
1272 3669 1315 3726 di.
1366 3729 1371 3737 ,

352 3778 445 3822 cuntur
459 3758 499 3833 ii,
517 3758 670 3841 qui-conditi
678 3758 759 3837 fiunt,
769 3777 814 3816 nec
829 3773 915 3815 tamen
930 3774 1016 3814 eorum
1034 3772 1103 3811 aure·
1108 3750 1252 3831 sepulcrum
1267 3752 1313 3828 est,

351 3860 430 3920 quom
446 3840 516 3923 justo
532 3838 627 3920 fhlia,
645 3838 672 3904 ‚e
692 3858 786 3916 corpus
812 3836 939 3917 iuceufirm
955 3837 997 3916 esi.
1019 3833 1059 3891 Er
1076 3835 1146 3911 quod
1160 3852 1228 3890 nuuc
1242 3851 1314 3889 com·

352 3923 463 3981 munirer
479 3924 509 3982 iu
525 3921 646 3981 omuibus
654 3920 765 4001 sepultis
772 3920 897 3999 ponitur,
906 3936 936 3978 ut
952 3915 1055 3976 humati
1066 3916 1200 3988 dicontur,
1214 3912 1244 3971 id
1257 3926 1315 3968 erut

346 4004 482 4089 proprium
506 4021 560 4071 turri
582 4003 612 4065 r'rr
632 4003 684 4083 iis„
710 4023 776 4085 quos
802 4003 895 4064 tumus
925 3997 1017 4080 intua
1038 4014 1190 4081 contegeret.
1211 4010 1318 4072 euinque

1374 258 1385 275 '

1531 932 1533 947 r

1451 1119 1456 1129 x

1522 1446 1533 1777 ψ
