3209 4967
397 478 466 529 202
695 448 1026 580 'NOTAE

394 612 493 674 dicius.
512 610 658 675 Sunttnutn
674 627 767 673 autern
783 611 922 695 fastigium
945 612 1085 673 vocabant
1101 606 1246 673 Tutulum.
1267 609 1362 673 Adde·

393 693 476 756 batur
492 693 600 776 virgula
620 715 654 754 ex
671 692 741 753 felici
761 694 883 767 arbore,
903 712 964 775 quae
986 694 1013 751 in
1028 692 1198 753 Fluminibus
1221 693 1363 753 dicebatur

322 793 325 799 ’
395 773 551 855 Stroppus,
576 775 605 833 in
629 773 785 835 Flaminicis
814 773 979 837 lnatculutn.
1001 772 1092 833 Totus
1114 773 1199 854 Aper
1214 774 1261 835 filo
1281 774 1364 837 laneo

396 853 557 917 velabatur:
579 854 719 917 dicebatur
741 856 903 936 Apiculunt.
919 856 967 935 Ab
988 855 1042 915 boc
1064 871 1141 935 putat
1170 854 1246 935 qua-st
1262 850 1363 915 filatni'·

397 956 447 996 nes
465 936 555 998 dicius
577 938 681 1000 Varro.
700 935 776 1008 infra
801 955 927 1005 ruentum
951 936 1126 1016 pertinebant
1144 955 1270 1010 amenta,
1298 954 1362 1017 quae

395 1016 1363 1164 illlnl'illlilbld‘lltllilb‘itlbl&illl-⁰

394 1179 471 1239 leunr
485 1144 625 1241 dicebaltur
640 1180 839 1263 Albogalerus:
855 1180 939 1243 flebat
953 1183 1026 1242 enint
1045 1200 1079 1241 ex
1095 1178 1183 1241 hostia
1200 1180 1277 1255 alba,
1294 1122 1361 1254 Jtllli

396 1260 483 1335 caesa,
506 1282 567 1345 quae
583 1262 725 1323 dicebatur
746 1261 848 1338 ldulis3
865 1264 901 1323 de
915 1283 968 1345 qua
988 1260 1130 1323 Ovidius:

435 1343 531 1403 Idibus
549 1344 612 1404 alba
632 1342 697 1404 Ioui
716 1346 844 1423 grandior
864 1364 936 1424 agna
953 1344 1034 1403 carn,
1050 1340 1183 1405 Setino.

438 1425 485 1484 lin.
502 1424 531 1485 8.
548 1426 597 1486 Ab
610 1430 841 1507 eo,quodmatres
853 1424 980 1505 familias
995 1426 1079 1486 crines
1091 1423 1245 1487 convolutos
1261 1427 1361 1485 adver·

394 1504 471 1565 tieem
485 1506 601 1586 capitis,
616 1526 681 1589 quos
699 1506 795 1567 babent
810 1506 850 1566 uti
865 1497 988 1577 velat'os,
1003 1506 1094 1565 dicunt
1107 1504 1225 1565 Tutulos.
1262 1502 1360 1587 Lego,

394 1586 469 1665 queis
490 1587 585 1646 liabent
607 1586 648 1646 uti
668 1588 780 1648 relatas.
805 1587 958 1650 TURNEB.
977 1586 1097 1661 Melius,
1122 1587 1215 1645 elatos.
1272 1585 1362 1644 utulus

394 1666 425 1725 in
443 1665 551 1729 leminis
574 1670 623 1747 qui
641 1668 686 1729 hic
709 1684 842 1744 vocatur,
867 1668 1006 1729 dicebatur
1028 1666 1165 1749 nbpupedar
1186 1664 1361 1729 Atheniensi·

390 1748 495 1887 quma
513 1747 629 1831 Cypriis
646 1742 789 1832 ropltinn,
807 1772 824 1809 a
839 1748 926 1811 Persis
944 1746 1078 1831 utla'tptor.
1100 1748 1228 1813 lucanus
1249 1747 1285 1809 de
1302 1747 1359 1809 hoc

402 1846 494 1890 ennta

436 1908 594 1993 Turritaque
609 1930 702 1993 gerens
716 1910 832 1993 fiontem
851 1928 973 1974 matrona
993 1880 1100 1972 coronal

392 1989 555 2065 luvenalis:

576 2090 748 2133 --tot
766 2075 855 2134 adhuc
875 2074 1043 2158 compagibus
1063 2072 1148 2135 altum

434 2153 572 2231 AEdificat
591 2170 677 2233 eaput.
690 2187 726 2201 -

391 2230 539 2314 Papinius:

577 2314 787 2396 ——celfits
805 2316 898 2397 procul
916 2315 1003 2399 aspice
1017 2316 1118 2397 frontis
1139 2318 1268 2393 bonurn,

434 2395 633 2478 Suggejlurnque
658 2418 743 2459 coma.
758 2398 890 2461 ScALtG.
1128 2394 1131 2399 ¹

391 2476 485 2539 Vetus
503 2477 605 2540 editio:
624 2478 719 2539 liabent
732 2480 772 2537 uti
787 2480 900 2542 relatos.
919 2478 1004 2541 Unde
1016 2479 1068 2563 legi
1085 2476 1187 2559 possit:
1201 2477 1360 2540 babentrit·

391 2558 431 2619 tis
458 2560 571 2621 uelatos.
596 2579 661 2621 nam
681 2559 800 2620 fasciolis
824 2561 944 2643 colligati
968 2563 1079 2641 capilli,
1109 2560 1140 2620 δ(
1163 2558 1214 2619 srbi
1240 2562 1360 2621 invicem

388 2633 504 2722 implexi
527 2642 555 2700 in
576 2661 679 2701 conum
707 2642 937 2729 congerebantur,
959 2640 1078 2705 Festus:
1120 2642 1243 2700 Tutulum
1273 2642 1362 2701 vocari

390 2720 486 2798 ajunt,
502 2722 706 2783 flaminicarum
720 2724 820 2803 capitis
835 2742 1033 2799 ornamentum,
1067 2726 1120 2783 uod
1136 2723 1193 2799 fiat
1206 2722 1276 2782 vitta
1297 2743 1361 2801 pur·

388 2823 473 2882 parea
491 2804 591 2865 innexa
608 2804 744 2877 crinibus,
764 2805 791 2864 fr
814 2806 962 2885 exstrublum
976 2805 1006 2862 in
1024 2747 1197 2865 ebitudinem.
1222 2802 1363 2881 Apuleius

392 2883 440 2943 lib.
457 2904 474 2943 2
487 2881 748 2964 Metamorphoseos
760 2902 768 2944 2
793 2886 894 2946 Uberes
911 2886 979 2947 enim
993 2886 1078 2945 crines
1094 2885 1185 2945 leniter
1199 2884 1320 2965 emiffos,
1334 2883 1361 2941 Cr

288 2949 292 2974 ⁸
389 2964 488 3024 ceruice
508 2966 689 3044 dependulos,
718 2988 750 3025 ac
768 2967 863 3026 deinde
882 2986 927 3047 per
949 2966 1019 3028 colla
1040 2966 1196 3047 dispafitos,
1220 2968 1361 3045 senfimque

382 3046 493 3125 sinuato
510 3047 624 3127 patagio
642 3048 793 3125 refidenres,
810 3048 944 3129 paulisper
968 3051 1007 3108 ad
1019 3046 1102 3124 finem
1119 3046 1311 3127 conglobatos,
1333 3047 1362 3105 t'n

345 3146 351 3157 ’
382 3130 512 3206 summum
529 3129 645 3188 vestirent
660 3130 745 3187 nodus
764 3128 938 3208 adstruxerat.
959 3128 1089 3189 POPMA.

432 3208 479 3269 lin.
503 3227 538 3285 17
556 3207 597 3289 sq.
621 3212 663 3271 Ut
688 3209 733 3288 qui
753 3210 863 3289 suntin
883 3210 997 3285 uerfibus
1010 3209 1144 3288 plerique,
1172 3206 1359 3281 Volturnalis,

389 3286 565 3363 Palatualis,
587 3290 743 3363 Furinalis,
757 3289 891 3362 Floralis,
916 3290 1040 3361 Falacer,
1064 3286 1262 3369 Pomonalist]
1286 3287 1361 3350 Cum

389 3369 485 3428 Varro
508 3367 633 3445 scribat,
663 3370 756 3433 Utin
782 3370 825 3428 bis
846 3370 892 3449 qui
909 3370 974 3450 fiunt
992 3372 1106 3449 rerfibus
1130 3368 1263 3450 plerique,
1283 3368 1362 3449 quod

389 3448 593 3530 inexpedibus
610 3449 729 3511 solutum
743 3449 914 3531 liberuinque
934 3450 1068 3526 creditur,
1086 3471 1140 3532 ego
1156 3450 1245 3511 modis
1261 3451 1292 3510 ὅ(
1313 3470 1361 3509 nu·

388 3532 472 3591 metis
495 3528 619 3591 virbium
644 3532 812 3627 ligatumque
839 3530 965 3591 censebo.
985 3531 1140 3613 Sequuntur
1169 3533 1250 3614 igitur
1271 3528 1362 3591 statim

331 3633 334 3637 ·
379 3611 447 3671 -duo
463 3608 651 3675 claudicantes
665 3613 799 3688 Jarnbici‚
819 3632 889 3693 quos
906 3612 1046 3673 scazontes
1066 3610 1160 3675 Graeci
1180 3627 1304 3675 vocant:

437 3693 634 3768 Volturnalem,
660 3694 850 3767 Palatualem,
869 3692 1040 3768 Furinalem,

434 3774 584 3851 Floralem,
605 3774 765 3851 falacrem,
786 3773 814 3835 (r
834 3776 1004 3837 Pomonalem
1025 3777 1091 3835 idem
1100 3773 1179 3855 fecit.
1267 3778 1269 3782 ’

395 3856 532 3999 {alacrem
552 3874 648 3921 autern
668 3878 721 3943 pru
743 3856 876 3940 salatrali
902 3856 1013 3939 posuit,
1036 3856 1149 3921 coellus
1174 3854 1270 3923 versus
1292 3853 1363 3938 lege,¹

426 3950 547 4002 ultum.
1295 3982 1297 3987 ·
1352 3993 1355 3999 .
