3209 4967
399 515 493 611 204*
535 607 538 611 A
732 516 767 586 N
817 516 853 587 Ο
902 511 936 585 T
983 515 1027 587 AE

360 693 362 698 ’
399 678 525 743 Perfius:

562 756 773 839 ——ficuit
791 756 915 819 Lucilius
934 759 1035 832 urbem,

443 842 478 900 Te
498 840 586 922 lupe,
599 857 624 899 re
644 839 721 899 Muti
741 840 799 902 &a

290 931 297 956 ⁸
390 905 470 985 item
487 921 607 983 Lucilius
623 919 703 1002 ipse,
722 940 771 1001 per
790 919 998 1003 dialogismum:

584 1003 794 1082 ——qnt‘d,
815 1004 867 1061 hac
887 1024 943 1061 cum
958 999 1077 1080 fecerit?

443 1084 509 1145 carr
524 1083 617 1144 'ceteris
636 1101 694 1143 reus
713 1104 769 1142 una
788 1085 904 1143 tradetur
922 1084 1007 1161 Lupo.

439 1166 507 1224 Non
524 1166 618 1238 uderit.
639 1162 764 1305 'Appruis
784 1164 909 1224 hominem
928 1162 955 1221 fr
977 1159 1224 1243 raotxtsrttfimul

441 1246 514 1305 Eum
529 1247 657 1325 privabit.
690 1247 797 1325 gnido
814 1267 850 1305 ua
871 1244 1050 1316 interdixerit,

417 1371 420 1376 .
442 1328 509 1385 Duo
529 1329 604 1387 trater
624 1325 774 1408 στοιχεῖα.
794 1270 830 1387 sd
848 1326 989 1386 maluerit:
1006 1324 1125 1405 privabit
1140 1342 1234 1385 tamen.

399 1406 535 1469 Hortatur
552 1425 619 1488 ergo
636 1408 708 1469 hunc
724 1406 836 1487 Lupum
855 1405 1013 1488 εἰρωνικῶς,
1028 1422 1078 1476 uc,
1097 1404 1197 1466 relisii's
1210 1402 1363 1466 minoribus

370 1552 384 1573 ὁ
399 1487 532 1569 pisciculis
552 1488 620 1562 illis,
636 1504 666 1551 ut
690 1488 750 1549 sunt
769 1487 894 1561 cordia,
915 1488 946 1548 &
961 1485 1103 1567 saperdae3
1117 1504 1236 1557 tunnos,
1250 1484 1362 1558 siluros,

399 1570 433 1629 ὃ(
447 1571 533 1629 amias
553 1570 689 1631 immanes
704 1568 791 1652 pisces
813 1567 991 1633 consesietur.
1010 1566 1159 1627 Manifesto
1179 1566 1270 1626 irridet
1295 1568 1364 1633 illius

399 1651 588 1730 capacitatem.
610 1653 694 1730 Capto
708 1671 779 1712 vero
796 1670 941 1732 perperam
955 1648 1070 1731 legitur,
1084 1670 1138 1741 pro
1150 1664 1267 1731 raptato.
1283 1646 1362 1711 Idem
1406 1706 1409 1715 ,
1520 1656 1521 1663 ’

398 1730 531 1791 mendum
548 1734 577 1791 in
594 1732 730 1793 Varronis
745 1732 874 1813 exemplo
891 1730 940 1793 tri
957 1728 1040 1807 φακῇ
1058 1750 1150 1811 pauper·

439 1813 503 1874 Nec
519 1812 715 1873 multinumnrus
730 1814 811 1894 piscis
831 1835 866 1884 err
880 1813 942 1891 firlo
959 1828 1051 1892 captus

423 1893 544 1975 'Elops,
565 1916 597 1955 rte
611 1918 643 1976 ue
662 1896 741 1975 ostrea
759 1895 810 1954 illu
829 1915 924 1976 magna
943 1909 1051 1976 captata

436 1976 536 2053 Quivit
551 1921 628 2055 paLr

628 1996 672 2034 um
731 1994 822 2036 curre.

344 2108 347 2121 ,
397 2053 477 2116 Nam
493 2057 574 2117 hodie
596 2057 668 2116 male
683 1975 758 2135 idid
778 2054 906 2116 Nonium
925 2074 1012 2137 capta.
1032 2052 1123 2115 Etiam
1143 2073 1195 2114 nos
1215 2052 1242 2112 in
1261 2052 1362 2123 eodem

397 2136 529 2213 exemplo
548 2137 741 2198 multinunrrnus
757 2136 939 2210 restituimus,
957 2156 991 2196 ut.
1005 2137 1034 2195 in
1051 2136 1125 2196 libris
1140 2134 1175 2195 de
1192 2136 1237 2197 Re
1253 2132 1362 2207 rustica,

395 2215 583 2279 multinummi
599 2217 675 2278 muli.
693 2217 830 2279 ScALIG.
846 2216 968 2277 Fortasse
986 2218 1090 2297 primus
1109 2216 1203 2277 versus
1223 2236 1282 2276 non
1295 2234 1362 2281 corr-

396 2297 555 2439 iunpiendup
572 2319 636 2359 cum
652 2296 835 2379 sequentibus.
855 2296 931 2359 Nam
954 2318 1012 2359 non
1027 2297 1067 2360 est
1086 2299 1258 2374 hexameter3
1276 2311 1308 2357 ut¹
1322 2296 1362 2358 le·
1466 2373 1470 2382 η

416 2398 450 2438 en
470 2400 518 2440 um
547 2395 588 2441 rt:

379 2397 416 2484 ‘g
438 2460 549 2521 Thurino
567 2479 644 2543 capto
663 2481 767 2521 cerrum
786 2460 972 2523 excludendum
980 2459 1070 2540 foras.

394 2536 514 2607 Videtur
524 2544 603 2602 enim
620 2541 892 2624 proverbiale‘fuisle
912 2542 1039 2623 antiquis.
1057 2542 1179 2624 Amphis
1193 2540 1332 2602 comicuss

373 2659 375 2664 s
432 2612 533 2684 “Ocres
547 2622 686 2705 ropetitur
701 2622 789 2685 ἐσθίει
807 2624 971 2685 θαλάττιοι
1241 2632 1243 2640 ’

434 2701 566 2765 Γλαύκου
581 2703 741 2785 rapieris,
758 2694 839 2766 oritur
854 2702 904 2765 οὐκ
923 2702 989 2784 ἔχει
1005 2702 1117 2785 φρένας.
1138 2701 1232 2764 IDEM.

392 2782 498 2849 Versus
511 2784 720 2866 corruptissimi,
739 2786 787 2865 qui
801 2787 839 2845 ita
857 2785 986 2845 videntur
1001 2783 1077 2865 posle
1094 2782 1254 2844 emendari:

373 2853 381 2873 s
578 2875 700 2915 ³——
713 2868 814 2929 thunno
828 2884 903 2947 captu
922 2866 1037 2925 cordlum
1057 2866 1203 2925 excludunt
1215 2866 1305 2945 sorus.

437 2948 570 3007 Occidtint
588 2950 662 3029 Lupe
677 2948 795 3029 fhperdn
812 2966 837 3006 te
852 2946 879 3007 δ’
891 2945 957 3028 jura
964 2946 1062 3027 stlurt':

403 3057 410 3069 ¹
433 3033 512 3089 Sume
528 3047 582 3089 cere
602 3046 678 3110 atque
698 3031 801 3089 amiam.

391 3108 433 3171 Illi
448 3110 570 3183 edorres,
585 3110 671 3192 inquit
678 3152 689 3181 ,
703 3125 786 3189 capto
800 3109 912 3187 thurino
926 3108 1069 3169 cordulum
1091 3106 1253 3188 pisciculum
1266 3106 1358 3168 exclu-

392 3191 477 3254 dunt:
504 3191 624 3253 srnrssirer
644 3209 689 3263 tu,
707 3190 803 3270 Lupe,
826 3210 889 3251 cum
910 3210 1031 3269 nequeas
1050 3187 1156 3258 ¹surrrem
1179 3188 1288 3269 explere
1306 3190 1358 3248 mi-

389 3274 463 3331 nutis
479 3272 536 3333 istis
560 3270 699 3344 obsoniis,
729 3270 857 3352 saperda,
879 3270 911 3331 &
935 3273 996 3345 jure
1012 3268 1101 3343 siluri,
1119 3269 1199 3351 pasce
1224 3288 1262 3347 te¹
1276 3269 1359 3351 pisci·

390 3354 443 3412 bus
462 3353 614 3429 majoribus
632 3370 692 3413 cete
710 3352 741 3413 δι
762 3353 844 3413 amia.
868 3350 959 3411 Notat
987 3346 1107 3411 Lucilius
1126 3353 1302 3431 rapacitatem
1326 3352 1359 3411 δε

388 3431 557 3515 profundam
580 3434 730 3514 ingluviem
752 3432 832 3504 Lucii
858 3430 967 3493 Lentuli
986 3430 1072 3513 Lupi,
1093 3452 1176 3513 quem
1204 3434 1231 3490 in
1251 3429 1357 3512 Satyris

388 3515 489 3591 acerbe
505 3512 648 3575 insesiatus
667 3512 713 3574 ests
733 3515 798 3593 quin
821 3512 890 3573 libro
914 3513 1006 3593 primo
1025 3513 1132 3573 induxit
1156 3510 1237 3573 Deos
1262 3510 1358 3573 consr-

389 3593 719 3737 liumHsecisse,·Lupum
736 3610 767 3653 ut
791 3592 959 3674 perderent,
984 3592 1094 3654 auctore
1117 3591 1227 3655 Servio.
1249 3613 1285 3657 ex
1301 3612 1359 3675 quo

391 3693 429 3740 att
478 3690 595 3739 oratius:
671 3725 673 3728 .

470 3764 474 3769 ’
574 3754 857 3837 -samrrsisque
875 3754 950 3835 Litpo
970 3772 1087 3835 cooperto
1105 3755 1228 3833 verfibus.

389 3836 453 3899 Fuit
469 3836 539 3902 cos.
555 3855 619 3899 cum
638 3836 675 3901 C.
693 3836 803 3898 Marcio
825 3834 923 3917 Figulo
940 3857 1015 3896 anno
1040 3834 1198 3898 DXCVII.
1222 3834 1356 3896 POPMA.

431 3920 476 3979 lin.
493 3940 539 4001 29.
560 3920 676 3999 Piscium
700 3921 807 3981 nomina
823 3916 913 3999 sunt,
932 3938 1066 3998 eorumque
1079 3919 1107 3975 r'n
1128 3916 1231 3977 Gracia
1249 3918 1287 3991 ori
1304 3914 1357 3994 0.]

269 3999 272 4005 ’
391 3996 530 4063 Librariirs
552 4001 661 4085 ignarus
678 3998 844 4063 Graecarum
862 3997 1017 4076 literarum,
1039 4017 1068 4059 ut
1091 4014 1223 4081 apparet,
1239 3937 1358 4061 muitum
