3209 4967
397 544 1014 644 lufutssmuuTm
1114 570 1185 643 3η

219 700 398 765 ui‘lrmulata
419 706 548 788 virginis,
564 726 646 788 quem
666 704 760 766 Festus
779 705 893 786 exponit
915 706 956 764 his
978 703 1087 765 verbis:
1112 704 1187 784 Rapi

217 786 359 863 fimulatut
370 787 471 867 vir'goe
490 789 585 868 gremio
602 789 713 860 matris,
735 788 838 862 attt,fi
856 801 887 845 e'a
905 808 959 846 nan
976 788 1028 865 esi,
1043 808 1077 845 ex
1092 788 1188 867 proxi-

225 884 270 923 ma
285 866 479 945 neceffitudine,
496 890 553 929 tum
571 872 608 928 ad
624 869 710 927 uirum
734 866 907 947 transfertur,
931 869 1002 947 quod
1017 868 1138 927 videlicet
1155 892 1187 928 ea

225 966 268 1007 res
285 946 401 1026 feliciter
416 950 529 1009 Romulo
548 949 624 1028 ceffit
650 950 786 1030 Apuleius
810 968 903 1009 autem
927 948 1039 1028 copiose
1061 947 1188 1011 describit

223 1024 313 1103 lima
337 1029 372 1090 de
393 1029 481 1091 Asino
506 1050 599 1092 aureo.
623 1030 716 1103 Tunc,
736 1033 841 1111 inquit,
863 1052 902 1089 me
923 1032 1019 1109 gremio
1033 1033 1085 1111 suo
1105 1048 1190 1088 mater

221 1106 324 1187 infelix
339 1112 474 1188 tolerans,
494 1116 589 1175 mundo
611 1114 726 1193 nuptiali
746 1116 862 1171 decenter
881 1113 1010 1184 ornabat,
1030 1110 1186 1191 mellitisque

219 1188 331 1269 ficariis
348 1195 465 1252 crebriter
477 1194 600 1275 ingestis,
613 1193 671 1275 jam
681 1194 729 1274 spe
739 1194 835 1271 littura
852 1193 988 1252 liberorum
1007 1193 1079 1251 notis
1095 1193 1188 1253 anxiis

220 1274 409 1354 propagabat:
425 1296 487 1341 ,cum
514 1275 666 1357 irruptionis
686 1277 780 1356 salita
799 1276 978 1356 gladiatorum
1002 1273 1129 1353 impetus,
1149 1274 1189 1331 ael

225 1351 290 1411 belli
303 1354 405 1433 'ficiem
419 1354 552 1435 faviens,
576 1358 655 1415 nudis
672 1359 700 1418 {a
720 1360 830 1417 exertis
849 1356 1011 1436 mucronibus
1034 1354 1200 1432 torrescunt,¹

227 1454 282 1493 non
304 1438 384 1510 cadi,
404 1458 456 1495 non
481 1439 578 1517 rapina
594 1460 688 1497 manos
708 1462 725 1496 a
745 1456 836 1506 erunt,
856 1438 906 1518 sed
925 1436 1003 1514 densa
1023 1435 1188 1515 conglobare

225 1534 276 1593 qut
291 1536 369 1575 cuneo
397 1518 542 1597 cubiculum
566 1521 675 1600 nostrum
698 1520 832 1579 invadunt
852 1519 992 1597 protinus:
1017 1538 1063 1575 nec
1084 1515 1141 1577 ullo
1154 1516 1187 1573 de

222 1594 407 1675 fhmiliaribus
421 1596 515 1680 nostrie
531 1618 703 1681 rpugnante‚
717 1622 749 1659 at
765 1622 795 1659 ne
812 1600 946 1658 tantillum
964 1596 1067 1678 quidem
1084 1597 1191 1675 tefisten·

134 1675 137 1683 '
227 1691 268 1749 te,
285 1698 323 1737 me
339 1679 471 1759 miseram,
487 1684 647 1754 exanimem,
657 1683 726 1760 sano
735 1702 834 1762 pavore
850 1682 989 1759 trepidam,
1002 1683 1032 1739 cle
1043 1677 1191 1737 medioma-

225 1754 277 1817 trlt
291 1762 389 1841 granno
398 1782 510 1841 rapuere.
522 1762 586 1823 Huc
597 1762 714 1823 fortaffis
724 1760 842 1841 respexit
855 1759 979 1823 Catulus
987 1759 1035 1819 illis
1046 1757 1187 1822 versibus:

255 1881 259 1889 -
372 1884 374 1888 v
412 1842 452 1899 Tu
465 1842 524 1921 fero
542 1842 635 1921 juveni
656 1844 685 1900 in
706 1864 801 1903 manus
847 1900 855 1907 ,

342 1974 344 1979 ,
410 1923 548 1981 Floridam
567 1924 622 2004 ipse
635 1926 781 2003 puellulam

411 2004 541 2064 Martiae
557 2004 653 2085 gremio
667 2006 724 2086 sua

411 2081 511 2145 Dedit.

227 2158 281 2223 Et:
543 2176 546 2183 ⁴

237 2262 250 2292 ’ω
278 2258 286 2291 -’
411 2246 469 2324 Qui
487 2247 563 2326 rapis
581 2266 692 2309 teneram
712 2250 751 2309 ad
767 2247 855 2310 rimn

414 2326 553 2407 Virginem.

237 2462 239 2471 ,
267 2406 399 2484 Rapturis
414 2410 520 2469 ramicis
537 2410 663 2492 rumpit]
688 2408 784 2491 Lego:
809 2403 938 2489 uaporis
958 2406 1066 2468 ramicis
1080 2408 1194 2493 rumpit3
1261 2451 1263 2466 .

221 2500 258 2563 ut
277 2488 418 2550 Catullus:
474 2504 493 2527 “·
1175 2511 1180 2526 t

241 2572 243 2585 ’
395 2571 539 2645 'Omnium
558 2569 615 2627 ilia.
628 2590 757 2650 rumpens.
816 2586 819 2593 ·

186 2718 189 2725 ,
273 2648 569 2730 Οοηβιὶιῑνηιιὶἰιηιιη.]
584 2650 649 2710 Hoc
664 2654 782 2731 pertinet
796 2649 833 2709 ad
848 2670 957 2711 morem
973 2650 1126 2712 deducendi
1141 2670 1193 2711 no·

228 2748 296 2789 vam
313 2734 445 2810 nuptam,
457 2750 542 2811 quem
556 2732 665 2793 abunde
681 2733 883 2813 explicavimus
898 2733 946 2791 lib.
965 2731 1029 2793 ade
1045 2731 1113 2793 Vita
1123 2754 1192 2814 pop.

223 2808 312 2871 Rom.
334 2810 432 2871 sensns
451 2810 509 2872 est:
529 2811 615 2872 Nunc
633 2812 766 2896 quidquid
780 2811 820 2873 est
839 2813 982 2873 mulierum
999 2829 1060 2873 tota
1078 2812 1193 2889 Roma,

224 2891 341 2951 confluit
357 2893 393 2951 ad
413 2895 491 2951 initia
510 2895 685 2974 nuptiarum,
706 2914 768 2975 quae
782 2895 903 2969 majores
923 2892 1093 2957 modeste&
1111 2916 1193 2956 vere-
1260 2906 1264 2912 '

226 2971 317 3035 eunde
334 2973 417 3033 nollu
429 2976 614 3055 peragebant,
633 2992 664 3035 ut
679 2977 760 3056 pinea
778 2975 825 3035 fax
843 2975 957 3050 indicat,
968 2996 1030 3057 quae
1040 2978 1194 3036 etiamnum

225 3055 255 3115 itt
270 3056 370 3137 nuptiis
383 3054 539 3139 praefertur,¹
553 3055 586 3118 ln
603 3056 650 3117 illo
666 3058 812 3117 mulierum
826 3057 866 3117 est
876 3056 1026 3133 interire,
1042 3057 1130 3136 poetis
1139 3055 1195 3117 ust-

221 3150 301 3209 tata,
319 3156 384 3197 cum
402 3138 534 3197 omittunt
555 3158 658 3199 vocem
683 3138 780 3213 sexus,
798 3138 899 3212 turba,
918 3137 1077 3210 multitudo,
1094 3154 1141 3196 aut
1155 3136 1193 3197 st·

224 3217 376 3297 milequid.

270 3300 356 3358 Noun
374 3299 436 3375 fieri
454 3298 571 3379 initim]
588 3297 698 3371 Ceteris
718 3299 828 3359 occulta
846 3299 910 3373 illa,
930 3300 963 3361 &
983 3297 1044 3358 solis
1061 3300 1195 3360 matronis

226 3375 319 3438 facere
334 3379 459 3439 corcella
475 3380 550 3440 sacra
567 3384 605 3438 ita
622 3383 730 3456 vocari,
744 3381 832 3462 vulgo
849 3400 948 3441 notum
965 3378 1011 3441 est.
1022 3379 1082 3441 Cur
1099 3400 1193 3441 autem

229 3459 324 3520 Varro
338 3458 377 3519 stc
391 3462 508 3539 appellet
526 3462 655 3543 nuptialia
670 3462 813 3541 auspicia,
829 3482 886 3521 non
903 3480 980 3542 aeque
995 3463 1147 3543 cognitum.
1157 3482 1195 3521 att
1225 3513 1227 3517 ,

222 3540 305 3620 ·quia,
319 3555 350 3599 ut
364 3542 392 3598 in
407 3541 458 3603 illis
472 3543 624 3603 sacerdotes
638 3564 702 3603 cum
715 3542 820 3603 facibus
839 3542 1042 3617 discurrebant,
1057 3545 1094 3602 ita
1105 3546 1134 3601 in
1149 3543 1194 3601 his

230 3621 307 3701 pueri
323 3622 431 3701 patrimi
446 3620 477 3682 &
489 3625 607 3683 matrimi
623 3620 808 3704 praeferebant
820 3622 909 3685 facem
921 3624 1095 3683 inhonorem
1106 3622 1194 3683 Cete-

229 3699 285 3759 ris?
302 3722 337 3760 an
351 3702 495 3781 quodhaec
508 3724 567 3763 non
580 3706 689 3776 minus,
704 3726 787 3785 quam
803 3706 866 3777 illa,
884 3705 951 3764 vitae
967 3705 1097 3785 principia
1111 3700 1193 3761 sunt?

230 3782 331 3860 quade
345 3782 424 3843 causa
437 3781 654 3865 Graecispltpaac
663 3786 757 3845 dicitur
768 3786 892 3855 τέλειος,
907 3779 945 3844 eit
957 3783 1046 3845 retain
1062 3786 1130 3863 repit
1144 3785 1193 3843 tit

229 3863 287 3937 βίον
301 3862 359 3925 neit
373 3863 534 3945 eruperat,
549 3868 636 3946 inquit
651 3866 753 3928 Pollux.
769 3867 843 3926 unde
855 3865 956 3926 altera
970 3866 1002 3925 ὃ(
1015 3864 1193 3944 προτέλεια,

230 3943 362 4005 sacrificia
375 3945 519 4025 nuptialia,
531 3965 603 4027 qua,
619 3946 748 4008 Varrone
757 3949 880 4018 auilore,
894 3945 984 4005 dicere
994 3944 1088 4004 licebit
1103 3942 1191 4004 Initia.

231 4023 365 4109 siquidem
375 4025 527 4091 retritum
536 4028 567 4091 δι
577 4028 783 4111 aparentiritat
793 4027 834 4092 est
844 4026 960 4105 initiate,
972 4025 1019 4088 vel
1027 4044 1190 4109 preparate.
