3209 4967
439 484 510 583 ³84
629 431 633 436 ’
773 483 1066 612 tote

479 648 603 711 Reticulu
616 669 648 708 ιι
661 646 816 730 βιορΙιὶι.]
835 644 993 711 Reticulum
1014 645 1059 706 hic
1076 665 1133 706 non
1148 643 1187 705 est
1200 659 1312 726 tegmen
1330 643 1412 724 cupi-⁴

435 731 472 800 tis
489 732 637 802 muliebre,
652 745 682 786 ut
700 727 810 788 Nonius
829 729 946 812 accipit,
967 726 1013 787 l'ed
1030 747 1086 786 rere
1100 727 1217 801 lineum,
1236 727 1313 804 quod
1331 727 1409 786 deli-

438 811 521 872 catuli
546 809 699 890 implebant
724 807 790 868 tofis
815 824 862 869 aut
891 810 1013 868 lloribus.
1032 809 1062 868 bt
1085 807 1212 886 Strophia
1238 807 1300 866 sunt
1320 824 1410 866 textae

437 890 576 963 falciolae,
591 891 715 972 equibus
737 888 839 950 fiebant
859 909 986 964 coronae,
1007 888 1118 948 auilore
1135 887 1225 949 Festo.
1250 887 1339 948 Lares
1354 909 1406 948 au·

437 989 495 1032 rem
514 971 605 1033 solitos
622 973 714 1030 ornari
729 971 835 1031 floridis
852 973 980 1045 coronis,
996 967 1165 1030 notiffimum
1188 968 1236 1029 est.

477 1053 537 1112 Hic
565 1054 633 1114 enim
662 1053 750 1114 omnia
771 1050 859 1132 etan]
889 1050 995 1111 Omnia
1013 1049 1088 1121 elle,
1109 1049 1259 1131 proverbii
1278 1048 1408 1112 formam

437 1133 535 1205 haber,
550 1151 580 1192 ut
599 1135 672 1214 apud
695 1131 811 1194 Gtaecos
830 1137 870 1192 rit
881 1132 981 1200 πάντα
999 1125 1080 1194 titur.
1100 1131 1269 1212 AEschylus:

478 1215 545 1275 Ζεύς
565 1216 645 1277 ἐστιν
662 1214 762 1292 οὐδεὶς,
782 1211 847 1292 Zeis
866 1213 901 1275 «li
916 1213 963 1296 pl
970 1259 979 1288 ,
998 1211 1109 1276 Ζεὺς]υ
1129 1207 1257 1294 οὐρανὸς,

434 1348 436 1356 .
481 1296 612 1366 lerinum
633 1299 677 1354 rb
695 1297 805 1356 πάντα.
891 1355 894 1360 .

437 1375 642 1440 Demosthenes
649 1402 662 1452 ;ο
674 1379 737 1438 ssiu
760 1375 860 1440 ἐκεῖνος
877 1375 904 1438 ἐν
924 1367 1029 1438 uiroir.
1047 1374 1169 1436 Laertius
1184 1376 1231 1436 lib.
1247 1396 1269 1451 4
1284 1396 1301 1436 e
1320 1373 1407 1435 Pam·

436 1476 545 1521 metro:

481 1537 514 1599 ‘O
535 1538 637 1601 nitro
656 1538 755 1601 πάντη
777 1537 950 1620 Ξενοκράτης
972 1537 1038 1617 irrite
1058 1537 1169 1622 γεγώς.

436 1617 501 1680 Liv.
520 1620 567 1683 lib.
595 1639 646 1701 50:
667 1622 818 1679 Demetrius
843 1623 882 1680 eir
899 1643 967 1680 unus
989 1623 1077 1680 omnia
1095 1624 1136 1704 est.
1154 1618 1280 1681 Lucanus
1298 1617 1351 1679 lib.
1371 1635 1405 1678 1:

435 1701 540 1760 Omnia
557 1704 641 1782 Cesar
657 1720 719 1761 erat.
737 1700 856 1762 Martial.
876 1703 921 1761 lib.
950 1720 983 1782 5:

478 1785 589 1844 Hennes
608 1784 697 1845 omnia
710 1771 804 1863 fiilios,
825 1782 852 1842 6⁴
872 1805 917 1843 rex
938 1803 1017 1844 unus.

805 1948 928 2059 Pagina
950 1962 1030 2055 306.
1049 1937 1051 1940 Ι
1083 2013 1086 2018 ,

481 2103 553 2182 Veste
565 2103 643 2178 pulla
658 2103 795 2185 candidi]
816 2104 911 2166 Vestis
932 2105 1005 2186 pulla
1023 2105 1065 2164 lric
1083 2124 1139 2165 non
1158 2103 1196 2165 est
1212 2119 1272 2165 atra
1287 2104 1404 2186 &lugu

430 2181 511 2256 bris,
526 2183 572 2244 sed
591 2205 649 2245 non
663 2185 742 2257 alba,
759 2205 816 2244 non
834 2207 918 2264 pura,
936 2187 1023 2268 qualis
1037 2205 1093 2246 erat
1109 2205 1174 2268 toga
1192 2202 1324 2267 praetexta
1339 2208 1405 2264 pue·

436 2284 534 2327 rorum
549 2267 579 2327 &
596 2265 785 2345 epheborum,
803 2266 973 2326 circumdata
997 2287 1126 2348 purpura.
1149 2289 1213 2326 nam
1234 2287 1299 2348 toga
1317 2269 1403 2327 virilis

436 2366 528 2428 pura,
548 2346 663 2411 candida
679 2367 753 2422 erat,
771 2345 827 2407 stne
842 2348 1050 2430 ullapurpura.
1066 2347 1191 2409 Catullus
1207 2348 1242 2406 ad
1258 2349 1406 2410 Mallium?

484 2431 621 2509 Tempore,
643 2450 694 2508 quo
711 2430 823 2507 primum
843 2431 919 2511 vestis
939 2430 1003 2508 milti
1024 2429 1121 2490 tradita
1140 2452 1207 2510 pura
1227 2431 1269 2510 ιβ.

435 2505 565 2588 Papinius
581 2509 627 2568 lib.
647 2531 661 2590 5
682 2507 781 2573 Silvar.
838 2527 840 2532 ’

481 2591 540 2648 Νιι
555 2589 650 2670 fitlrrtn
670 2593 766 2650 teneris
786 2594 876 2672 ostrum
891 2591 1009 2672 juvenile
1029 2591 1134 2650 lacertis

477 2671 585 2740 Exuit,
599 2672 742 2750 albentique
762 2673 877 2731 hrrmeros
898 2674 1005 2731 induxit
1025 2674 1126 2733 anina.

480 2752 602 2811 Anteius
621 2754 733 2832 pascunt
775 2751 881 2834 etium]
906 2751 1014 2814 Peilori
1033 2754 1162 2813 amittunt
1190 2750 1404 2832 adstringunt&

435 2835 612 2912 apprimum,
629 2835 743 2915 exponit
787 2837 914 2894 turnebus.
937 2833 998 2916 Ego
1014 2835 1151 2910 arbitror,
1168 2833 1298 2894 Pascendi
1313 2835 1401 2893 verbo

437 2933 516 2972 nova
539 2912 657 2992 quadam
685 2917 806 2989 ratione,
827 2916 972 2996 &praeter
991 2915 1131 2995 vulgatam
1158 2913 1401 2988 consuetudinem,

438 2994 598 3055 Varronem
614 2995 659 3054 hic
674 2995 751 3054 abuti
766 3017 819 3076 pro
840 2996 936 3057 fovere
951 2997 980 3056 ὃ(
998 2995 1120 3057 servare:
1140 2996 1284 3076 quomodo
1303 2994 1357 3054 fere
1372 2998 1399 3054 in

438 3073 521 3134 sactis
542 3074 596 3134 hoc
618 3075 705 3156 ipsum
726 3077 846 3137 verbum
871 3066 1051 3156 usurpabant,
1070 3097 1196 3156 praecone
1210 3077 1398 3149 acclamante,

438 3156 549 3235 Pascito
567 3157 701 3235 linguam,
717 3158 745 3216 id
757 3156 955 3238 est,coercet0
975 3159 1005 3218 &
1023 3177 1126 3218 teneto.
1146 3157 1211 3217 Hoc
1230 3159 1306 3217 enim
1320 3157 1399 3217 dicit:

435 3234 548 3314 Ephebi
562 3238 676 3298 amiilus
689 3238 832 3298 submillos
843 3237 967 3300 modeste
984 3239 1082 3298 fovent
1095 3239 1207 3311 animo,
1222 3240 1301 3312 cujus
1316 3257 1400 3316 opera

439 3316 502 3375 illos
517 3338 691 3396 componunt
706 3322 738 3379 &
754 3338 871 3400 parant3
887 3320 1000 3400 suntque
1019 3323 1046 3377 in
1060 3319 1136 3380 velle
1153 3340 1208 3378 non
1232 3339 1299 3398 pura
1316 3321 1400 3377 mori·

438 3395 491 3454 bus
504 3399 627 3459 'candidi
644 3399 735 3476 Quod
757 3399 926 3476 institutum,
943 3400 1102 3483 praeclarum
1128 3400 1209 3475 sane,
1226 3401 1329 3459 utinam
1346 3398 1400 3458 ser-

439 3497 536 3537 varent
551 3479 634 3538 hodie
645 3481 784 3557 nonnulli,
800 3487 846 3562 qui
865 3481 1030 3542 vestimentis
1044 3479 1205 3560 profitentur
1219 3481 1397 3541 innocentiam

437 3560 472 3621 &
494 3554 753 3634 humiliaremur}
770 3584 828 3622 non
846 3562 956 3644 pascunt
970 3561 1082 3621 amiilus
1098 3561 1223 3642 peiiore:
1238 3563 1266 3619 in
1287 3581 1342 3642 qun

483 3642 683 3722 Quinquaginta
703 3643 771 3702 atris
791 3645 914 3703 immanis
933 3643 1049 3703 hiatibus
1069 3645 1156 3723 hydra

480 3725 583 3783 Saeuior
602 3725 673 3782 intus
693 3725 771 3784 habet
784 3725 881 3803 sedern.
984 3724 987 3732 “

480 3805 566 3883 lpfirm
579 3805 708 3885 audiui]
726 3803 904 3888 Cyclopem,
921 3825 1003 3885 quem
1022 3803 1135 3886 Ulylles
1155 3805 1227 3872 vino
1242 3804 1357 3886 decepit.

324 3952 325 3955 Ἴ
485 3886 556 3944 Vino
573 3888 682 3950 invitari
699 3887 780 3964 liro]
795 3886 836 3946 Ita
853 3880 962 3946 Plautus
980 3886 1127 3946 Rudente:

396 4012 398 4017 .
480 3968 622 4046 Neptunus
642 3969 747 4050 magnis
764 3967 868 4049 poculis
889 3969 939 4030 lntc
958 3971 1028 4028 nolle
1048 3967 1261 4044 eum'invitavit.

1495 4441 1496 4466 l

347 4533 352 4568 l
