3209 4967
446 507 514 601 ff
642 518 648 528 ·
784 492 1243 575 uorn·'

445 662 543 725 studet.
563 658 639 742 quod
655 658 768 741 quidem
785 657 903 721 studium
927 677 1025 723 tratura
1049 661 1186 723 omnbus
1205 659 1411 724 humenisiofi·
1498 755 1500 760 Ι

382 738 386 745 ’
443 760 522 819 turn,
536 761 613 803 norat
632 741 731 802 Horat.
748 741 795 803 lib.
815 740 943 807 2carm.

626 822 821 903 -quid
839 842 919 883 terres
939 822 996 880 alio
1016 821 1130 885 calentes

485 904 548 966 Sole
567 907 721 964 mutamus?
737 907 830 983 patrie
848 904 909 984 quis
929 904 1007 983 exsul

378 988 382 996 ’
481 989 519 1047 Se
540 1006 637 1067 quoque
653 984 753 1067 fregit?

443 1065 476 1131 &
489 1066 629 1130 Lucretius
646 1065 755 1146 copiose
773 1064 900 1127 describit
918 1062 964 1125 lib.
986 1087 1041 1158 3²,

627 1168 828 1205 --rrune
841 1150 990 1227 plerumque
1011 1148 1131 1206 erdemur

403 1301 405 1310 y
480 1230 560 1307 Quid
569 1230 621 1307 fibi
640 1229 746 1310 quisque
765 1228 831 1287 velit
850 1230 960 1309 nescire,
981 1225 1008 1287 te
1028 1249 1134 1311 quarere
1147 1230 1264 1310 semper,

487 1313 645 1373 commutare
667 1309 767 1383 locum,
789 1314 865 1397 quest
882 1330 950 1371 onus
968 1310 1090 1391 deponere
1105 1313 1198 1392 poffit:

287 1366 291 1375 ⁵
365 1424 378 1472 .'
483 1390 556 1450 Exit
569 1394 639 1472 sepe
652 1390 748 1471 foras,
770 1390 829 1451 &o

485 1474 550 1531 Hoc
565 1474 596 1553 se
616 1472 718 1552 quisque
738 1474 812 1531 modo
825 1469 910 1552 [legit.

487 1550 589 1626 Serus,
604 1554 648 1613 vel
663 1558 700 1613 ad
714 1552 848 1613 edilitirun
864 1550 947 1691 8(αᾶ
961 1546 1003 1611 lta
1013 1550 1075 1611 libri
1086 1572 1194 1613 veteres
1207 1570 1405 1635 omnes‚quoo

443 1632 543 1709 leuiter
558 1634 747 1695 emendandos
773 1633 886 1709 censeo,
904 1655 921 1693 a
944 1633 1022 1708 ensus
1038 1630 1188 1709 Turnebo,
1204 1654 1291 1715 equus
1307 1637 1354 1694 vel
1364 1638 1406 1696 ad

444 1712 580 1773 adilitium
600 1716 730 1787 modium,
751 1736 843 1795 purus.
865 1714 965 1777 AEdiles
983 1730 1115 1795 praetant
1136 1713 1284 1787 mensuris,
1301 1716 1332 1776 &
1350 1715 1404 1796 ipfi

388 1786 393 1799 ⁸
446 1814 538 1878 aequas
546 1793 839 1884 justasquebabebant,
852 1796 888 1855 ad
903 1814 970 1875 quas
984 1796 1129 1876 exigebant
1141 1796 1264 1876 reliquas.
1273 1792 1402 1881 Juvenal.

486 1879 527 1936 Et
545 1882 575 1937 de
596 1878 720 1957 mensuris
740 1877 784 1934 vis
803 1880 900 1953 dicere,
918 1876 984 1955 ease
1003 1880 1103 1937 minore

484 1960 626 2037 Frangere,
645 1960 779 2039 pannosus
797 1954 891 2017 vacuis
912 1956 1019 2015 AEdilr's
1041 1956 1163 2017 Ulubris.

444 2038 521 2116 Corn
544 2056 610 2119 ergo
636 2039 708 2097 hunc
730 2035 852 2098 Stoicum
876 2037 1025 2117 sapientem
1052 2038 1133 2099 valde
1156 2056 1264 2117 aequnm
1280 2036 1312 2097 bt
1329 2038 1404 2099 inte·

444 2138 525 2199 grum
540 2116 680 2178 ostendere
702 2114 794 2178 Varro
811 2118 910 2191 vellet,
925 2120 980 2191 ait,
991 2113 1076 2178 'illum
1092 2120 1139 2179 ves
1152 2139 1204 2200 pro
1220 2119 1317 2178 modio
1330 2118 1403 2213 esse,

442 2216 501 2259 tam
526 2209 614 2276 vero,
631 2216 716 2277 quam
743 2197 863 2259 aedilitio.
876 2196 953 2260 ‘Nec
976 2198 1078 2259 damno
1097 2217 1192 2260 tamen
1213 2198 1404 2274 conjecturam

373 2315 377 2324 =
442 2280 588 2341 hominum
613 2278 851 2348 doslisltmotnm,
869 2278 982 2361 Josephi
1001 2279 1144 2361 scaligeri,
1163 2281 1194 2341 δι
1210 2279 1278 2353 Jusli
1297 2279 1403 2359 Lips1i‚

443 2365 520 2442 quia
535 2363 622 2421 vereri
638 2360 767 2441 scriptura
783 2361 921 2442 paululum
936 2362 1130 2435 recendentes,
1142 2360 1307 2437 emendam,
1321 2363 1403 2422 Secu·

445 2466 492 2503 rus
512 2444 555 2503 uel
576 2444 614 2501 ad
627 2442 762 2501 adilitium
782 2462 886 2504 munus.
912 2458 941 2503 ut
952 2443 1042 2517 dicat,
1061 2441 1184 2502 Stoicum
1204 2441 1278 2501 illum
1293 2440 1403 2522 sapien·

445 2540 503 2589 tent
521 2522 691 2595 italorum,
713 2540 762 2596 ut,
779 2521 886 2583 etiamfi
900 2523 936 2583 ad
955 2522 1091 2584 aedilitium
1108 2544 1223 2596 munus,
1244 2521 1345 2595 idest,
1365 2523 1403 2583 ad
1498 2585 1499 2594 ξ

443 2604 544 2666 bestias
554 2604 660 2663 dandus
673 2602 723 2675 stt,
731 2603 837 2663 securus
848 2607 976 2665 tamen&
987 2602 1120 2665 constanti
1131 2608 1224 2665 animo
1234 2602 1400 2684 perseveret.

490 2683 700 2766 sicophanta]
717 2682 777 2762 Qui
792 2684 908 2824 plpnose
924 2686 1050 2766 loquitur.
1067 2706 1172 2746 nomen
1186 2701 1281 2765 aptum
1293 2682 1402 2759 Stoico,

443 2768 493 2848 qui
508 2766 631 2845 uirtute,
648 2786 702 2847 qna
720 2764 776 2827 sola
830 2783 909 2825 atarn-
921 2768 1008 2826 vitam
1029 2768 1162 2827 contineri
1178 2766 1319 2847 praedicat,

449 2860 452 2864 ·
573 2878 576 2887 ·
627 2866 808 2903 -κιιιιο
827 2848 910 2903 minor
928 2848 962 2927 ess
979 2848 1063 2921 lore,
1083 2849 1176 2920 dives,

485 2926 580 3000 Liber,
596 2929 751 2999 honoratus,
771 2926 896 3005 pulcher,
918 2940 965 2985 rex
983 2929 1090 3009 denique
1109 2948 1213 3009 regunt

441 3028 507 3071 cum
522 3026 613 3069 tamen
634 3009 723 3067 omnis
741 3010 812 3067 ratio
827 3024 885 3067 tam
902 3007 1046 3089 splendidae
1063 3008 1189 3084 triremis,
1206 3030 1235 3069 re
1252 3008 1307 3091 ipsa
1325 3030 1400 3071 tarta

444 3090 478 3151 stt
498 3091 530 3151 δι
547 3092 654 3161 inanis,
673 3108 723 3149 nec
745 3087 831 3147 ullum
849 3090 929 3185 plane
945 3088 1063 3150 sruslum
1081 3092 1164 3153 rebus
1180 3092 1305 3150 humanis
1324 3089 1402 3152 affe·

441 3188 493 3233 rat.
508 3173 574 3253 quid
600 3172 718 3231 enimin
742 3188 920 3229 communem
943 3170 1084 3238 utilitatem
1109 3171 1235 3233 conferre
1247 3169 1336 3251 ‘polbr
1356 3173 1400 3247 is,

442 3256 491 3333 qui
512 3272 626 3313 omnem
644 3249 747 3311 sensum
768 3250 942 3311 humanitatis
957 3252 1079 3332 repudiat
1094 3254 1125 3314 δι
1143 3251 1315 3333 aspernatur?
1326 3250 1401 3315 Scite

442 3332 526 3414 igitur
547 3333 681 3393 Lucilius:
1085 3351 1098 3364 ”

365 3408 367 3411 ’
481 3414 586 3473 Pertusa
599 3415 628 3490 fi
646 3411 756 3489 quatis,
776 3412 925 3487 centerius,
939 3414 1049 3492 surus,
1063 3414 1190 3496 segere,
1393 3445 1399 3456 ·

486 3494 588 3555 Utilior
607 3494 690 3565 misti,
711 3514 788 3571 quam
803 3496 921 3574 sapiens.
1287 3506 1290 3512 '

484 3577 553 3636 Cave
569 3574 696 3653 attigeris.
706 3571 891 3653 ]*Supetbum
901 3576 934 3636 δι
953 3574 1150 3642 intolerabilem
1165 3572 1263 3638 sastunt
1278 3575 1401 3641 denotat.

441 3654 584 3735 Turpilius
600 3655 753 3715 Leucadia:
1107 3669 1110 3674 “

483 3742 528 3799 Ne
548 3760 586 3797 me
606 3738 720 3817 attigas,
741 3736 913 3815 atquenuser
930 3757 1046 3799 mnurn.

481 3819 540 3899 Eja
559 3840 634 3901 quarn
648 3816 768 3897 seroeule
786 3818 828 3895 est.
875 3856 878 3859 -

483 3900 557 3960 Cato
570 3903 597 3958 in
612 3900 733 3975 oratione
745 3898 778 3958 de
789 3896 886 3957 Dote:
898 3895 951 3956 llla
966 3916 1007 3974 te,
1015 3900 1046 3979 st
1053 3901 1231 3977 adulterares,
1244 3899 1399 3983 digitorum

444 3984 548 4041 auderet
561 3980 715 4063 contingere.
737 3976 847 4060 Plautus
866 3976 1004 4043 Poenulo:
1122 4050 1126 4056 ,

1498 3809 1500 3842 l

1498 3845 1500 3874 l
