3209 4967
430 451 501 556 368
764 448 798 526 N
848 449 883 527 O
933 450 967 528 T
1017 448 1057 528 Ε
1144 515 1161 548 ,
1236 552 1238 562 ¹

340 657 344 664 -
426 611 473 702 ¹pir
487 612 595 697 liquida
610 614 749 686 materie,
766 631 898 695 quantum
914 633 968 674 tres
980 613 1065 676 modii
1081 611 1173 676 aride.
1189 631 1256 677 nam
1268 609 1422 696 amphos

430 720 492 760 ram
516 698 628 778 implent
645 696 711 756 ollo
732 695 763 757 δι
785 697 964 777 quadraginin
991 695 1110 770 scutarii,
1149 697 1175 754 ui
1202 697 1357 756 sexdecim
1382 700 1418 756 in

368 826 374 836 ,
432 780 530 842 modio
545 779 612 837 sunt.
630 775 762 839 Volusius
781 777 908 837 Maecian.
923 781 948 836 in
965 778 1034 836 libro
1051 776 1085 836 de
1101 717 1186 838 Alte:
1207 771 1416 860 Quadratin'al,

433 863 505 941 quod
521 881 590 919 nunc
604 858 718 939 plerique
737 861 886 938 amphoram
905 877 1020 933 uocant,
1039 859 1114 916 labet
1136 871 1217 916 urnas
1233 861 1332 934 duas,
1352 880 1414 926 rna-

433 943 494 1000 dios
511 958 581 1012 tres,
590 940 720 1018 semodios
740 941 811 1019 sex,
827 940 933 1016 congios
953 943 1023 1010 olio,
1032 939 1164 1017 sextarios
1182 941 1341 1012 XLVIII,
1364 943 1414 998 lte·

434 1025 521 1081 minas
538 1023 656 1092 XCVI,
691 1020 823 1078 uarrarios
845 1020 962 1091 CXCII,
977 1023 1087 1098 cyathos
1107 1019 1280 1080 DLXXVI.
1298 1018 1413 1080 Pelius

433 1103 531 1162 recitat
555 1119 637 1182 caput
658 1043 785 1182 plebisciti
802 1099 916 1174 Siliani,
936 1103 962 1159 in
985 1123 1040 1180 quo
1061 1103 1097 1159 ita
1118 1117 1173 1160 erat
1187 1123 1194 1160 :
1209 1103 1413 1182 ¹Duodeqniu·

433 1184 560 1264 quaginta
574 1183 690 1262 sextarii
711 1182 872 1260 quadrantal
887 1188 937 1262 fiet
956 1184 1030 1242 uini:
1056 1182 1196 1242 Sertorius
1215 1201 1317 1260 ‚aquus
1345 1203 1411 1241 curet

430 1264 542 1324 *uinaria
553 1269 606 1342 fiet
616 1307 627 1335 ,
637 1262 816 1344 sexdecimque
831 1263 852 1320 ii
866 1264 894 1320 iu
910 1263 995 1322 nodio
1004 1266 1080 1340 fiant.
1096 1261 1182 1322 Porro
1198 1263 1277 1344 quod
1294 1265 1349 1324 hic
1364 1262 1410 1324 est

434 1346 572 1417 trimodia,
590 1345 715 1404 muliebri
741 1359 857 1424 genere,
886 1344 959 1405 idem
980 1343 1123 1424 usurpatur
1139 1364 1155 1402 a
1171 1341 1333 1404 Columella
1355 1345 1408 1404 lib.

438 1445 491 1498 12,
506 1426 542 1503 4&
559 1421 678 1486 aPlinio
698 1424 746 1483 lib.
767 1446 814 1506 33.
833 1425 924 1504 Neque
944 1426 1029 1498 eninr,
1057 1426 1159 1504 inquit,
1177 1424 1255 1484 aliter
1271 1425 1408 1507 potutffet

435 1508 557 1567 trimodia
574 1507 622 1565 illa
644 1506 818 1582 annulorum,
838 1507 1019 1585 Carthaginem
1037 1509 1070 1564 ab
1084 1505 1239 1566 Hannibale
1264 1507 1351 1566 mitti.

477 1589 527 1646 An
543 1589 588 1667 qui
610 1590 705 1668 gradu.
714 1584 732 1668 ]
752 1585 851 1648 Sensus
870 1586 934 1646 latet
958 1589 985 1645 in
1012 1589 1053 1646 his
1076 1607 1127 1646 ver
1149 1589 1169 1644 's
1189 1590 1217 1645 dt
1235 1603 1359 1664 acutus,
1373 1587 1407 1649 dt

359 1742 362 1748 ι
435 1667 555 1750 elegans.
572 1669 636 1730 Hoc
653 1669 727 1728 enim
742 1667 826 1740 dicit,
840 1667 960 1748 opinor:
976 1665 1081 1727 Nonne
1100 1689 1130 1746 pr
1176 1670 1268 1725 'amior
1282 1667 1326 1726 est
1346 1669 1405 1744 ille,

436 1751 487 1828 qui
524 1750 590 1810 tadu
610 1749 734 1810 celeri&
752 1747 881 1830 expedito
898 1749 1003 1822 nitens,
1020 1766 1046 1808 te
1066 1749 1122 1808 cito
1137 1751 1279 1828 praevertit
1296 1752 1330 1809 δι
1349 1772 1402 1810 ana

435 1846 480 1891 tec
531 1847 561 1904 r,
582 1829 690 1912 insuper
721 1831 819 1890 melius
846 1828 960 1906 vatius,
980 1850 1064 1909 quam
1089 1845 1136 1904 tu,
1165 1833 1209 1910 qui
1229 1830 1354 1891 mdlliter
1370 1833 1403 1892 &

241 1975 245 1982 ,
321 1911 338 1924 ‘
437 1912 527 1972 otiose
544 1909 617 1970 luisti
631 1911 748 1972 vellus?
765 1909 858 1989 Quod
874 1911 985 1991 quidem
1003 1910 1091 1970 videri
1111 1909 1197 1992 potest
1218 1910 1320 1972 referre
1341 1935 1401 1972 vo·

436 1991 514 2052 luisse
533 1993 568 2052 ad
587 1995 790 2066 contentionem
812 1992 933 2052 Virtutis
944 1995 978 2054 ·&
1005 1991 1179 2072 Voluptatis:
1198 1993 1229 2053 ὅ(
1249 1992 1402 2054 hominem

438 2073 536 2132 virtuti
555 2073 698 2144 deditum,
718 2069 887 2152 comparasse
911 2075 1036 2135 navo&
1056 2072 1184 2152 expedito
1208 2073 1308 2133 viatori
1318 2097 1338 2148 ;,
1348 2096 1402 2134 vo·

437 2151 580 2232 luptarium
600 2154 801 2233 &ganeonem
819 2154 894 2212 molli
914 2173 995 2234 atque
1021 2152 1148 2213 dissoluto
1172 2154 1283 2214 vellori.
1302 2157 1401 2215 Relin-

438 2255 513 2326 quere
529 2235 573 2294 hic
594 2231 634 2293 est
654 2251 838 2312 praeverrere,
856 2232 984 2313 superare
1009 2235 1109 2306 cursu,
1130 2250 1177 2298 aut
1195 2235 1352 2308 celeritate,
1363 2252 1400 2296 =ut

437 2315 569 2394 relinqui,
590 2313 722 2408 superari:
749 2314 780 2376 u
798 2311 964 2376 Graecorum
990 2313 1157 2380 ἀπολείπειν
1179 2317 1211 2378 8(
1237 2317 1400 2380 ἀπολείπε·
1492 2345 1493 2356 ’

421 2448 423 2451 .
440 2403 524 2459 ruat.
540 2395 622 2477 Virg.
637 2395 684 2457 hb.
707 2415 721 2478 5
737 2395 847 2457 AEneid.

403 2561 408 2574 ¹
484 2477 608 2571 Transeqt
626 2475 731 2561 elapsus
748 2478 838 2557 prior,
855 2476 1052 2562 ambiguumque
1071 2479 1207 2560 relinquat.

439 2557 704 2718 Luliiriiiulliisialter
722 2637 806 2713 uires,
827 2637 933 2718 ideoque
953 2625 1071 2720 relinqui.

482 2720 645 2782 Monoou
667 2735 756 2782 nunt
780 2721 968 2800 sonuum]
990 2719 1022 2780 ln
1038 2722 1169 2782 omnibus
1188 2721 1338 2784 adion'rlrns
1354 2725 1397 2786 ri·

441 2800 572 2868 tae,s1ve
587 2801 687 2860 mentis
701 2803 873 2882 agitatione,
893 2799 952 2862 sive
968 2822 1053 2883 opera
1071 2804 1102 2863 dt
1119 2821 1202 2863 manu
1223 2825 1399 2888 peraguntur,

267 2891 270 2898 '
341 2895 345 2903 '
440 2881 566 2948 ordinem
592 2882 623 2942 δι
644 2881 867 2962 dispensationem
886 2882 1024 2962 quandam
1044 2884 1228 2946 adhibendam
1249 2885 1324 2961 else,
1340 2906 1396 2964 pt,

440 2963 504 3024 licet
516 2960 711 3022 temeratione
727 2961 847 3023 discreta
861 2960 928 3037 sint,
939 2982 1030 3024 tamen
1042 2967 1107 3024 inter
1126 2966 1152 3024 se
1169 2985 1247 3026 nexae
1262 2984 1393 3042 maneant,

442 3046 476 3106 δι
492 3060 590 3106 mutuo
610 3042 727 3104 subsidio
753 3046 881 3103 nitantur.
902 3041 964 3123 Tali
990 3048 1060 3106 enim
1085 3046 1180 3107 ordine
1197 3048 1330 3108 allianum
1350 3049 1392 3106 ad·

442 3125 551 3201 libito,
566 3123 746 3187 comiantiam
760 3124 791 3185 dt
808 3124 1025 3188 moderationem
1041 3131 1070 3188 in
1082 3131 1210 3189 omnibus
1231 3129 1310 3188 rebus
1324 3127 1394 3188 saell·

770 3704 781 3713 ,
802 3623 926 3722 Pagina
953 3649 1033 3722 293.
1095 3669 1100 3683 ·

443 3206 509 3267 lime
535 3206 646 3267 servari.
669 3205 763 3286 Itaque
780 3206 815 3266 de
841 3205 914 3266 hisce
938 3209 1041 3268 mutuis
1054 3210 1142 3288 operis
1165 3231 1197 3268 ac
1218 3209 1393 3271 similioribus
1492 3245 1493 3252 κ

334 3353 337 3359 ,
442 3289 528 3346 animi
544 3289 577 3349 dt
593 3289 736 3367 corporis,
758 3303 821 3366 apte
843 3285 951 3366 usurpat
971 3291 1170 3367 proverbium,
1190 3293 1313 3350 Mutuum
1336 3291 1394 3350 muli

360 3407 373 3417 ..
439 3367 569 3447 scabunt:
591 3369 665 3448 quod
681 3367 807 3430 &ainus
821 3383 897 3448 purat
914 3369 1021 3430 nonnisi
1039 3370 1067 3430 in
1082 3371 1183 3430 malam
1205 3388 1311 3452 partem
1328 3373 1393 3432 acci·

444 3447 491 3528 pi,
503 3468 568 3509 cum
582 3448 701 3527 improbi
722 3447 750 3510 se
768 3447 889 3510 viciffim
903 3452 1034 3511 mirantur
1051 3450 1083 3513 ἃ
1098 3452 1219 3513 laudant.

401 3763 419 3772 “
487 3722 599 3819 Paneret
611 3751 761 3836 quotidie]
780 3751 889 3820 Ponere
907 3755 953 3815 hie
970 3755 1009 3817 'est
1025 3754 1184 3830 confitere,
1203 3737 1392 3832 absolverem
1492 3833 1493 3848 ,

447 3837 476 3899 itt
491 3834 538 3904 isso
557 3839 684 3900 Horatii:

489 3950 541 3973 u·-
559 3920 623 4004 qoio
638 3941 733 4002 ponere
750 3935 833 3983 rotun
853 3917 968 4000 Nesciit·
989 3961 991 3965 ,
