3209 4967
430 445 963 562 rutrnsunrtt
1102 515 1172 591 ¹17
1259 441 1268 471 ’

263 640 308 708 lin.
331 646 377 709 18.
406 651 447 708 Ut
471 648 548 729 naslei
569 667 680 727 augures
704 617 989 727 publiee'dt'xcntnt]
1017 647 1110 726 Lege,
1134 650 1178 711 Ut

132 722 137 743 ¹
227 732 302 812 nostri
315 732 425 809 augures
441 730 553 809 publicai
571 728 701 807 differunt.
718 729 836 795 Publicei
855 750 908 806 pro
923 730 1033 809 publici.
1055 730 1175 805 Cicero,

228 811 332 872 Publici
355 810 478 889 Augures
494 810 578 888 signis
596 809 761 889 &auspiciis
782 812 870 890 pastea
898 810 1012 872 uideam.
1038 810 1175 873 Sanlo.

194 962 196 967 ¹
226 891 265 953 lta
285 890 478 951 &Turnebus
499 891 571 949 hunc
586 890 678 950 locunt
698 892 836 949 emendari
852 888 933 969 jussit.

266 972 311 1031 lin.
325 974 371 1033 26.
384 972 523 1043 Gabinus,
533 974 592 1047 fiue
598 972 765 1051 peregrinus,
779 973 862 1050 δια]
873 971 943 1032 Hac
954 990 1009 1031 non
1019 971 1080 1052 plus
1090 972 1177 1033 sensus

227 1052 343 1125 babent,
357 1073 438 1131 quarn
463 1050 535 1109 surdi
557 1052 679 1131 lapides:
696 1050 741 1111 sed
760 1050 798 1111 stc
816 1053 951 1126 emendo,
971 1054 1003 1113 dt
1018 1052 1093 1113 sensu
1108 1072 1179 1133 quo·

228 1134 291 1193 dant
304 1136 334 1195 bt
352 1136 410 1192 vita
427 1131 535 1205 afficio,
552 1134 583 1192 &
599 1133 676 1191 velut
692 1133 782 1192 anima
801 1134 889 1193 donor
904 1136 1034 1212 Quocirca
1057 1137 1180 1195 Gabinus

225 1216 386 1295 peregrinus,
402 1216 451 1294 sed
469 1215 539 1293 quod
554 1212 671 1294 auspicia
688 1214 765 1271 babet
780 1214 942 1293 fingularia,
959 1217 993 1272 ab
1007 1214 1103 1292 reliquo
1125 1217 1179 1296 dis.

228 1314 329 1384 cretus⁸¹
342 1292 472 1355 Ostendit
497 1288 590 1366 eninr,
607 1314 691 1374 quam
709 1294 748 1356 ob
766 1314 824 1354 rem
846 1296 874 1353 in
892 1297 1035 1376 peregrino
1053 1295 1184 1356 Gabinus

225 1398 290 1459 ager·
311 1396 368 1435 non
387 1390 554 1434 numeretur:
577 1374 653 1455 quod
669 1374 768 1435 scilicet
789 1374 865 1435 suunt
889 1376 1028 1456 quoddam
1049 1376 1185 1456 auspicio·
1207 1389 1210 1404 ¹

228 1478 287 1515 rurn
296 1476 380 1537 genus
389 1460 410 1534 a}
419 1455 523 1535 reliquo
534 1475 600 1537 agro
610 1454 899 1535 peregrinodiversunt
910 1456 1185 1519 habeat.·TuRNEB.
1236 1522 1240 1527 ,

229 1542 360 1617 ¹Quocirca
390 1536 513 1597 Gabinus
541 1558 639 1615 quaque
659 1537 816 1616 peregrinus.
841 1536 938 1615 Neque
964 1539 1037 1597 enim
1062 1559 1129 1599 vera
1144 1536 1185 1598 est

229 1622 342 1679 aliorum
361 1616 501 1677 correblio.
519 1616 556 1676 Et
570 1614 663 1697 supra,
678 1618 722 1675 Eo
741 1618 807 1675 enim
824 1619 1061 1697 exagraRamano
1074 1622 1185 1697 primum

247 1699 469 1779 regrediebantur:
491 1696 550 1779 lege
575 1698 698 1757 Romani.
718 1698 760 1756 alii
783 1697 876 1778 legunt
905 1702 1023 1757 Romam.
1049 1699 1183 1761 SeALIG.

226 1723 387 1860 beregrinus
404 1798 468 1859 ager
480 1778 575 1839 dicitur
593 1778 632 1847 is,
644 1779 673 1835 in
687 1797 769 1857 quent
785 1799 821 1839 ex
838 1797 905 1858 agro
919 1778 1048 1838 Romano
1064 1783 1185 1857 primurn

229 1860 482 1942 progrediebantur.
509 1864 599 1938 iraque
624 1856 751 1918 Gabinus
779 1878 888 1938 quoque
905 1859 959 1919 dici
979 1879 1085 1941 poterat
1101 1850 1187 1920 Pere'-

228 1944 339 2030 grinus,
353 1940 399 2001 sed
417 1940 535 1999 habebat
551 1937 669 2018 auspicia
682 1940 839 2000 commonia
850 1959 914 1999 curn
929 1940 1078 2014 Romano,
1090 1942 1190 2021 quibus

231 2045 250 2083 a
265 2024 409 2103 peregrino
427 2020 637 2080 discernebatur.
664 2024 776 2079 namin
799 2020 897 2101 quibus
925 2022 1022 2082 eaden·
1044 2021 1192 2083 servaban-

231 2122 274 2163 tur
292 2104 427 2182 auspicia,
449 2102 477 2159 in
493 2102 535 2160 his
549 2099 669 2160 societas.
689 2102 739 2160 hac
753 2123 798 2173 re,
823 2103 938 2180 opinor,
954 2101 1027 2165 Caro
1049 2101 1190 2164 Gallicum
1218 2144 1223 2151 -

105 2186 109 2197 ‘
230 2203 346 2266 agrum,
365 2183 438 2241 unde
462 2180 583 2241 Senones
608 2178 680 2240 Galli
703 2182 810 2245 fiterant
833 2182 955 2261 expulsi,
976 2200 1061 2243 vocat
1084 2182 1189 2243 Rotna-

230 2273 297 2325 nunt
309 2263 355 2324 lib.
370 2284 381 2322 1
397 2262 563 2342 Originum:
584 2264 656 2341 Ager
671 2262 792 2322 Gallicus
802 2266 939 2323 Romanus
956 2284 1079 2336 uocatur,
1090 2266 1136 2343 qui
1147 2266 1190 2323 ui.

230 2346 300 2406 ritim
319 2346 358 2403 cis
379 2345 528 2403 Ariminum
553 2345 634 2399 datus
652 2345 698 2423 est,
719 2343 795 2403 ultra'
807 2363 897 2423 qnam
920 2342 1053 2405 Picenum.
1072 2346 1103 2405 ὃ(
1121 2344 1187 2408 Ltv.

108 2430 110 2433 ’
229 2427 277 2488 lib.
298 2446 334 2503 27
348 2425 449 2497 refert,
462 2443 558 2505 agrum
574 2421 763 2498 Frusinatem,
778 2428 827 2505 qui
840 2425 893 2484 suit
910 2427 937 2483 in
950 2425 1094 2499 Hernicis,
1112 2427 1190 2487 haru·

229 2507 314 2588 spires
347 2524 376 2565 ut
404 2505 563 2567 Romanum
587 2502 744 2583 accepisse:
772 2503 909 2583 Frufin'one
931 2524 1010 2565 natus
1037 2508 1190 2588 Androgy-

231 2610 291 2648 nus.
323 2588 468 2667 haruspices
487 2608 542 2643 eum
559 2604 681 2652 extorrem
704 2592 766 2664 agro
790 2590 910 2646 Romano
933 2587 1024 2667 procul
1040 2607 1110 2646 terra
1129 2611 1191 2647 eon.

181 2670 188 2687 '
230 2674 300 2728 tasbu
317 2669 373 2727 alta
401 2670 596 2746 immergendum
618 2666 805 2744 responderunt.
832 2667 964 2747 Alioquin
990 2686 1054 2747 ager
1075 2668 1187 2728 Rorna-

231 2770 284 2807 nus
303 2750 410 2827 proprie
425 2748 564 2807 dicebatur
585 2748 627 2817 is,
647 2764 731 2825 quern
754 2742 873 2805 Arvales
892 2746 1046 2807 sacerdotes
1067 2769 1122 2809 uno
1142 2750 1186 2810 die

232 2828 384 2889 arnbarvali
408 2825 538 2887 sacrificio
561 2824 716 2887 lustrabant.
738 2826 765 2885 id
790 2842 882 2885 autent
900 2844 958 2886 erat
980 2847 1110 2909 regnante
1129 2828 1188 2889 Ro·

232 2910 311 2971 mulo
332 2910 401 2969 intra
418 2911 541 2989 quintum
558 2926 603 2967 aut
620 2904 729 2979 sextum·
740 2906 858 2986 lapident
873 2908 907 2967 ab
916 2908 1016 2982 Urbe,
1033 2908 1069 2967 ad
1082 2909 1187 2985 locunt,
1257 2977 1260 2982 ⁴

231 3012 316 3073 quem
332 2991 474 3061 vocabant,
499 2986 625 3061 Festum,
640 2986 751 3047 auslore
774 2986 910 3051 Strabone
924 2989 971 3048 lib.
991 3009 1016 3071 5.
1030 2990 1166 3053 *Pontum
1242 3040 1245 3047 .
1278 3033 1283 3046 .

273 3072 319 3134 lin.
333 3090 378 3150 30.
392 3072 466 3150 Ager
474 3072 558 3129 dibus
572 3070 615 3150 est,
630 3067 658 3125 in
675 3090 751 3147 quam
760 3088 851 3128 terram
867 3070 932 3150 quid
940 3074 1050 3149 agebant
1060 3115 1068 3141 ,
1080 3074 1105 3131 b
1119 3074 1191 3131 uada

94 3172 97 3183 ¹
209 3182 211 3185 ·
230 3152 297 3233 quid
303 3153 415 3233 agebant
417 3151 520 3231 stabius
530 3151 609 3224 causa
620 3152 692 3229 bre]
707 3150 738 3211 In
750 3150 868 3231 hacagri
883 3152 1023 3212 notatione
1041 3153 1076 3211 ab
1092 3156 1201 3213 omni-t

232 3236 303 3305 bus,
322 3253 390 3313 quas
408 3232 518 3311 quidem
542 3232 677 3303 viderim,
693 3232 858 3291 editionibus
876 3232 1009 3311 discrepat
1025 3230 1190 3294 clandestina

232 3317 267 3377 &
282 3317 391 3393 antiqua
406 3314 557 3391 scriptura,
576 3332 657 3391 quarn
677 3332 851 3393 proponam:
867 3316 1029 3391 Agcrdislus
1040 3316 1089 3393 est,
1099 3315 1191 3394 inqua

234 3416 300 3454 terra
326 3397 391 3473 quid
410 3394 545 3474 agebant,
563 3394 590 3451 δ’
607 3394 674 3450 unde
689 3394 753 3471 quid
773 3394 883 3471 agebant
895 3393 997 3473 stubbius
1021 3395 1117 3475 causta:
1139 3414 1190 3456 auc

231 3477 348 3555 quodid
365 3476 449 3534 Gract'
467 3474 556 3535 dicunt
585 3470 695 3555 a'typbu:
723 3490 771 3531 aut
788 3466 863 3551 agei,
886 3495 938 3553 quo
956 3475 1002 3553 agi
1014 3473 1133 3555 poterat:
1146 3478 1190 3555 ſse

233 3576 287 3636 qua
303 3556 366 3635 agi,
382 3558 462 3615 aelus.
489 3555 559 3614 Haec
587 3554 772 3632 interpretatio
791 3556 824 3617 ὅ(
846 3554 941 3615 verior
960 3552 1018 3630 est,
1033 3557 1065 3618 ἃ
1089 3555 1193 3627 diltcei-3

232 3637 313 3710 dior,
331 3656 414 3717 quam
436 3635 548 3697 edititia.
570 3632 719 3728 Tuttttqss.
1099 3653 1101 3656 ·

603 3776 729 3874 Pagina
775 3799 829 3857 ια.
881 3862 886 3873 ο

275 3896 322 3961 lin.
341 3888 371 3955 t.'
393 3896 458 3975 Qua
473 3898 542 3979 agi,
567 3901 674 3976 asbus]
698 3895 910 3977 Marg..Scalig.
926 3915 980 3976 pua
992 3892 1112 3975 agitatus
1131 3890 1199 3977 'ejicev

169 3992 172 3998 '
276 3977 323 4037 lin.
345 3997 390 4037 11.
411 3981 453 4038 Ut
469 4000 520 4058 quo
542 3979 690 4059 agehenn]
714 3978 805 4061 illarg.
821 3976 919 4061 Scalig.
936 3994 966 4035 ttt
982 3998 1035 4057 qua
1053 3977 1110 4039 &a

334 4065 385 4138 M.
408 4064 446 4135 T.
468 4070 562 4139 Van.
581 4066 656 4138 Vol.
674 4063 722 4141 11.
851 4156 861 4177 ἱ
959 4061 986 4129 Β
1067 4156 1071 4163 ⁸
