3209 4967
273 498 1015 612 s‘turanoueurm
1114 536 1184 620 ,a

217 642 287 763 tier,
305 685 380 768 quod
399 687 435 749 ad
450 686 538 747 lullus
559 703 685 825 tempus,
701 682 799 778 lluma'
815 684 955 778 muravit,
972 699 1002 742 ut
1017 684 1184 763 jampridem

220 767 442 833 animadversum
467 765 506 829 est
533 767 605 827 ado
632 764 726 827 issimis
751 765 816 859 libs
835 763 954 858 CuJacto
980 764 1011 825 δι
1032 763 1184 860 Raevardo.

219 852 307 912 Porro
318 851 406 931 tangit
424 848 517 909 Varro
532 848 577 911 bic
590 845 822 928 magnificentiam
842 846 969 905 villarum
980 889 990 918 ,
1002 866 1085 927 quam
1099 868 1184 909 enam

94 1012 97 1020 .
220 932 394 1013 conqueritur
409 930 454 990 lib.
475 950 487 988 1
504 927 539 989 de
555 927 598 990 Re
608 926 697 989 rustic.
713 928 744 988 δι
760 926 830 988 Plin.
848 927 897 985 lib.
923 924 967 986 18.
982 923 1081 986 Strabo
1092 929 1137 989 lib.
1149 948 1186 1011 Ις.

261 1014 296 1072 In
311 1012 405 1092 quibus
422 1008 532 1149 diff
549 1010 659 1087 cirrum]
675 1006 769 1073 Citrus
787 1008 869 1067 arbor
886 1008 916 1066 in
937 998 1064 1068 Atalante
1078 1008 1186 1070 Mauri·

220 1094 302 1154 taniae
316 1108 411 1153 monte
427 1112 461 1151 na
475 1094 561 1163 cintr,
573 1110 606 1151 ex
622 1111 677 1171 qua
686 1090 754 1148 olim
768 1087 907 1149 faciebant
920 1086 1006 1149 leslos
1017 1134 1027 1162 ,
1039 1086 1133 1166 sores,
1152 1090 1185 1153 &

220 1173 344 1248 mensas',
362 1193 431 1255 quas
447 1172 553 1232 eboreis
570 1170 685 1252 pedibus
704 1169 842 1230 fulcientes
859 1167 988 1245 fentinae,
1004 1170 1070 1230 viris
1088 1188 1187 1234 contra

218 1256 381 1339 margaritas
398 1253 566 1335 regerebant.
579 1250 653 1314 Cato
668 1253 695 1311 in
712 1270 762 1324 ea,
773 1270 857 1331 quam
867 1250 976 1323 habuit,
990 1252 1127 1328 oratione,
1138 1250 1185 1315 Ne
1220 1308 1223 1312 .

221 1338 284 1417 quis
302 1334 393 1396 consul
411 1335 454 1395 bis
470 1332 566 1395 fieret:
586 1333 682 1393 Dicere
695 1330 809 1413 poffiam,
827 1330 922 1412 quibus
937 1331 1010 1391 villa
1024 1349 1101 1411 atque
1118 1336 1188 1393 ades

222 1418 358 1497 aedificata
375 1433 452 1497 arque
470 1413 592 1495 expolita
605 1414 721 1473 maximo
737 1434 826 1497 opere,
848 1414 930 1485 citro,
947 1432 1024 1493 atque
1038 1414 1125 1486 ebore,
1138 1433 1188 1471 aa·
1252 1417 1255 1423 “

220 1520 269 1579 que
288 1498 450 1578 pavimentis
473 1496 586 1557 Poenicis
602 1496 678 1577 slent.
696 1492 741 1554 Sic
764 1510 857 1555 autent
873 1494 968 1556 Varro
987 1494 1055 1555 dixit
1078 1494 1188 1578 Libyffa

220 1578 319 1649 cirrus,
334 1596 365 1638 ut
378 1576 518 1651 Catullus,

221 1738 254 1803 ἃ
265 1661 353 1801 guam
373 1678 486 1740 magnus
505 1676 624 1718 numerus
645 1655 759 1739 Libyffae
778 1676 872 1717 mena.

300 1742 322 1799 ir
341 1740 368 1801 il.

264 1854 299 1868 -
311 1759 356 1881 egel
374 1820 464 1901 qualis
481 1840 559 1900 equos
581 1817 695 1898 Threi'ffia
709 1816 830 1899 ftarigar,
852 1816 1019 1897 Harpalyce.

264 1904 389 1963 Candens
405 1904 530 1979 empore]
552 1898 726 1979 l'laplpeatuv,
743 1916 773 1958 ut
791 1900 819 1957 in
832 1897 878 1960 illo
894 1896 973 1957 Ennii
990 1897 1039 1961 lib.
1054 1918 1066 1963 1
1082 1896 1185 1962 Annii.

267 1985 436 2061 Quamquam
456 1980 541 2042 multa
559 2000 655 2041 manus
674 1981 712 2041 ad
729 1980 787 2042 coli
807 1979 901 2039 caula
920 1979 1016 2061 templa

267 2064 425 2123 Tendebam.
597 2114 601 2129 ,

223 2141 256 2206 &
272 2142 342 2204 Attii
355 2140 499 2225 Telepho:

264 2220 333 2284 AEre
352 2241 428 2303 atque
441 2224 515 2305 ferro
529 2221 647 2305 seruere,
666 2220 743 2303 igni,
762 2221 915 2305 infiguibus.

223 2300 260 2366 Et
277 2302 364 2365 Plauti
385 2303 528 2387 Captivis:

263 2386 375 2463 Quanta
391 2387 482 2465 pernis
499 2385 579 2467 pestis
593 2385 694 2456 reniet,
715 2400 816 2465 quanta
836 2384 910 2444 labes
928 2383 1034 2461 larido,

266 2468 379 2545 Quanta
395 2467 494 2546 stamini
514 2468 670 2545 abstamedo,
690 2481 790 2545 quauta
810 2464 879 2526 collo
897 2466 1057 2543 calamitas,

263 2550 374 2624 Quanta
395 2548 478 2606 laniis
497 2546 626 2623 laffitudo.

265 2627 354 2687 Trivio
375 2627 469 2687 lumine
486 2628 599 2707 Luna]
625 2624 667 2687 lta
684 2640 770 2689 vocat
794 2625 942 2686 candidum
959 2627 1036 2688 illum
1052 2627 1189 2709 splendes

226 2727 286 2768 tem
300 2708 388 2780 lune,
411 2704 537 2767 diffusum
556 2710 583 2767 in
606 2728 705 2769 onmes
726 2722 835 2789 partes,
860 2729 917 2788 quo
941 2710 1057 2769 candere
1079 2728 1187 2774 taurum

225 2788 319 2862 album
335 2789 367 2848 δι
381 2788 511 2852 nitentem
525 2788 590 2849 dicit
606 2790 674 2850 ω’
690 2786 799 2867 ἂξοχὴν
810 2833 819 2860 ,
832 2792 895 2868 quia
909 2808 1001 2849 taurus
1020 2789 1094 2851 sacer
1112 2793 1188 2858 dica.

226 2868 322 2950 tusque
339 2866 443 2944 Lunae,
464 2879 546 2949 atque
565 2868 636 2929 adeo
655 2868 751 2929 vector
763 2870 832 2942 ejus.
848 2869 920 2929 unde
938 2870 1012 2931 illam
1026 2870 1120 2951 Graeci
1131 2897 1189 2936 vo·

224 2969 288 3012 cant
307 2948 483 3031 ταυροπόλοι
505 2950 536 3009 &
556 2946 716 3032 ταυρωπόν.
736 2948 826 3010 Porro
843 2954 1053 3031 cognominatur
1069 2952 1188 3029 Trivia,
1269 3011 1272 3014 ι

264 3031 302 3091 od
319 3032 405 3091 tribus
427 3032 479 3089 viis
495 3032 522 3088 in
536 3030 605 3093 caelo
627 3045 774 3104 movetur,
793 3032 822 3088 in
841 3032 1028 3106 altitudinem,
1045 3033 1076 3095 ἃ
1092 3034 1189 3094 latitu-

224 3050 334 3183 dliem,
353 3112 384 3173 δι
401 3110 617 3192 longitudinem,
632 3128 663 3171 ut
674 3108 713 3170 est
732 3111 779 3173 lib.
798 3111 867 3185 4de
883 3112 963 3193 Ling.
983 3112 1044 3173 Lar.

267 3193 373 3253 Multos
394 3193 499 3251 aerarios
509 3191 630 3275 fircera]
659 3192 795 3251 AErarium
817 3192 923 3274 generis
941 3192 1079 3253 masculini
1094 3195 1188 3256 obser-

226 3288 276 3335 vat
289 3270 412 3334 Nonius:
427 3292 488 3355 quae
513 3271 690 3344 observatio,
709 3292 766 3331 uno
788 3274 878 3333 verbo
894 3290 923 3336 ut
940 3272 1103 3348 absolvam,
1121 3276 1187 3341 salsa

226 3351 275 3413 est.
296 3373 360 3412 nam
375 3354 498 3415 AErarios
516 3352 621 3430 facere,
640 3352 703 3427 vel,
717 3353 749 3413 ln
766 3355 873 3413 aerarios
892 3353 1009 3427 referre,
1030 3355 1188 3420 dicebantur

227 3432 373 3506 censores,
393 3455 457 3495 cum
481 3434 605 3513 plebeios
629 3433 723 3495 delesti
743 3435 855 3496 nomine
879 3437 907 3494 in
931 3434 1054 3501 Cetitunt
1081 3440 1187 3504 tabulas

228 3516 402 3589 rejiciebant,
427 3516 631 3598 movebantque
653 3516 717 3574 albo
732 3517 861 3576 centutiae
885 3516 960 3592 suae',
976 3519 1014 3577 ita
1036 3538 1065 3581 ut
1081 3521 1186 3582 civium

227 3594 340 3675 quidem
363 3615 479 3655 numero
502 3614 660 3667 manerent,
675 3596 722 3656 sed
746 3616 797 3677 pto
821 3598 909 3678 capite
928 3598 1069 3661 dumtaxat
1091 3601 1186 3660 tributi

228 3673 308 3736 tattsa
328 3695 381 3735 aera
402 3675 557 3757 penderent.
582 3675 695 3737 Livius:
716 3678 795 3737 Tribu
814 3680 897 3748 moti,
912 3682 996 3739 ararit*
1010 3701 1097 3739 omnes
1105 3682 1188 3759 fadi.

271 3758 387 3816 Manr'ut
409 3756 535 3835 Curium]
546 3758 679 3817 'Valerius
700 3756 843 3819 Maximus
860 3760 905 3819 lib.
921 3760 1026 3819 6idern
1048 3758 1125 3819 Curii
1136 3760 1186 3820 sa·

227 3835 301 3898 stum
319 3836 418 3912 refert,
437 3836 483 3897 sed
503 3838 587 3917 paulo
602 3838 695 3900 aliter:
712 3839 835 3899 Graviter
851 3858 935 3910 aurem
959 3842 1187 3900 animaduerteba-

228 3935 272 3978 tur
293 3919 321 3975 in
336 3939 393 3992 eos,
414 3919 459 3998 qui
477 3919 631 3977 nominatim
648 3920 675 3975 in
698 3920 766 3979 tribu
775 3922 828 4001 fita
843 3915 918 3978 citari
936 3921 969 3979 ab
989 3940 1037 3992 eo,
1053 3921 1098 3998 qui
1113 3922 1184 3981 dele·
1243 3974 1253 3985 ,

228 4002 293 4061 aum
310 4000 437 4077 lababat,
447 4022 503 4079 nou¹
514 3997 703 4083 respondiffiar.
723 4020 767 4063 aec
782 4022 863 4065 unum
879 4019 963 4082 genus
976 4021 1186 4085 peraratum
1241 4014 1252 4024 ’
