3209 4967
476 483 1016 558 turraaonrn
1108 504 1309 581 ⁴15⁴

245 670 352 713 rnorem
358 645 407 731 jur
420 646 577 729 pontificale
593 644 737 723 confirmat.
763 644 838 703 Nam
849 642 1001 723 priusquam
1011 627 1053 702 ‘in
1070 663 1101 702 os
1121 642 1217 721 inperia
1258 694 1270 711 ,

239 733 321 816 gleba
340 752 393 793 non
418 730 470 811 ιβ,
487 730 560 789 locut
578 727 642 801 ille,
661 726 706 785 ubi
722 744 858 787 crematum
875 725 909 805 ιβ
925 744 1033 805 corpus,
1052 724 1122 783 nihil
1140 727 1218 784 haber

244 813 396 894 religionis:
415 812 442 869 in
442 810 511 891 jesia
518 808 614 891 gleba,
626 827 680 867 tum
690 806 717 865 o
728 807 774 865 isse
787 808 909 867 humarus
921 806 969 886 ιβ,
981 804 1008 864 ξι
1016 805 1162 884 sepulerum
1169 828 1218 864 oo.

246 912 335 967 catur,
345 915 376 953 ac
388 911 440 953 rum
451 892 560 973 denique
577 892 659 949 multa
676 888 795 968 religiosa
814 888 879 967 jora
893 889 1074 969 complesiirnr.
1085 887 1218 949 ΡοΡΜΔ.

158 1030 162 1051 ,
244 1038 247 1049 ,
299 973 383 1036 lin8
412 973 450 1054 sq.
471 974 567 1048 Artrfi
579 994 615 1039 os
632 988 766 1049 exceptum
793 971 827 1050 ιβ
845 969 940 1031 mortui
961 971 999 1027 ad
1016 968 1154 1049 familiam
1170 992 1218 1029 ex·

243 1058 443 1141 purgandam]
461 1053 553 1115 Etiam
572 1053 688 1134 digitum
707 1050 829 1111 abscindi
842 1050 949 1111 adeam
965 1071 1025 1111 rem
1042 1049 1153 1111 testatur
1162 1048 1218 1111 Fe·

243 1138 310 1201 sius.
325 1136 507 1209 Membtum,
522 1137 623 1216 inquit,
641 1132 764 1195 abscindi
787 1149 905 1192 mortuo·
918 1132 1078 1208 dicebatur,
1097 1134 1216 1194 cumdi-
1267 1162 1270 1165 ·

248 1223 322 1302 girus
339 1220 399 1295 ejus
419 1216 609 1280 decidebatur:
625 1215 660 1275 ad
673 1215 761 1297 quod·
774 1213 914 1275 servatum
933 1212 1005 1289 justa
1018 1212 1133 1288 fierent,
1153 1216 1215 1274 teli·

246 1322 304 1383 quo
320 1298 474 1361 combusto.
494 1298 523 1358 id
539 1317 630 1359 autem
648 1296 683 1357 ad
699 1296 872 1379 purgandam
888 1295 1022 1373 familiam
1042 1313 1119 1358 cetto
1134 1316 1218 1379 gene·

245 1404 278 1450 ae
295 1381 405 1454 februi,
420 1380 497 1460 quod
515 1379 655 1441 vocabant
672 1376 828 1438 Exvettias.
846 1378 983 1440 ScaLIG.

202 1457 208 1467 ''
289 1464 334 1522 lin.
356 1482 402 1525 10.
421 1466 463 1524 Ur
475 1460 617 1544 pontifices
638 1459 748 1533 dicunt,
766 1461 855 1541 quoad
875 1460 1028 1521 inhumatus
1036 1463 1108 1540 fin]
1140 1456 1218 1519 Nam

201 1548 203 1553 ’
249 1546 378 1627 quamvis
396 1564 429 1603 os
445 1544 533 1603 humo
550 1557 677 1625 opertum
692 1538 772 1615 esset,
791 1558 898 1614 tamen,
918 1540 1066 1623 antequam
1081 1539 1152 1617 justa
1167 1540 1218 1601 fie-

248 1642 327 1697 rent,
350 1646 475 1687 mortuus
494 1624 556 1699 iile,
573 1623 703 1704 quamvis
717 1624 777 1699 jam
793 1622 882 1694 multo
899 1639 961 1684 ante
978 1621 1156 1696 combustus,
1176 1627 1220 1683 in.

249 1710 378 1769 humatus
407 1706 513 1769 dicitur.
539 1705 689 1786 Propterea
714 1703 820 1764 addidit
845 1704 1118 1783 interpretamentum
1146 1704 1220 1765 Var-

250 1810 284 1849 ro
301 1810 335 1849 ex
352 1786 498 1870 pontificiis
515 1786 607 1859 libris,
624 1804 655 1847 ut
670 1786 748 1867 quod
763 1802 890 1865 opertum
909 1787 997 1846 humo
1017 1786 1092 1866 prius
1107 1808 1142 1846 ex
1155 1786 1219 1846 vul·

250 1872 278 1951 gi
300 1872 434 1950 opinione
457 1885 630 1941 vocaverat,
650 1868 679 1927 id
697 1866 759 1947 post
776 1889 811 1928 ex
833 1870 892 1942 jure
909 1865 1072 1947 pontificio,
1086 1869 1220 1927 inhuma-

251 1970 311 2012 tum
336 1969 440 2023 vocer,
462 1950 529 2031 quia
556 1948 626 2024 justa
653 1948 743 2011 adhuc
768 1948 840 2007 sadda
860 1968 918 2009 non
944 1964 1029 2009 etant.
1050 1947 1115 2009 Hoc
1133 1949 1221 2022 dico,

249 2034 314 2113 quia
330 2030 477 2092 dosiiffimi
496 2031 634 2104 hominis,
650 2032 697 2109 qui
711 2030 781 2089 hanc
793 2029 941 2089 lediionern
956 2030 1103 2091 immutate
1113 2031 1219 2103 voluit,

249 2114 410 2174 sententiam
432 2122 488 2177 tion
513 2111 619 2193 sequor.
644 2110 730 2171 Porro
752 2132 787 2171 ex
799 2110 988 2190 manuscripto
1009 2110 1108 2171 codice
1125 2111 1220 2193 legen·

252 2196 335 2259 dum:
352 2194 446 2256 Donec
462 2196 490 2253 in
498 2194 639 2277 purgando
656 2195 734 2253 horno
748 2194 782 2275 ιβ
792 2211 915 2273 opertum.
924 2211 956 2254 ut
964 2192 1094 2274 intelligas
1102 2213 1135 2254 os
1143 2214 1221 2255 mor·

252 2278 299 2335 tui.
313 2276 447 2346 soemo.
885 2292 888 2300 ’

285 2358 336 2421 tin.
359 2378 390 2417 tr
413 2358 472 2438 sqq.
487 2355 729 2435 Funestamaner&
745 2354 977 2417 diciturlrurnisior.
990 2357 1237 2435 Quoadbrtnnnr,
1274 2405 1283 2413 ,

159 2484 161 2489 ,
204 2480 209 2483 -
247 2440 329 2519 fitne,
347 2458 393 2500 aar
409 2462 426 2497 a
443 2461 469 2496 re
478 2458 531 2509 ,aar
546 2437 697 2512 Sabina&
714 2436 974 2520 Locani.]Magna
992 2436 1031 2497 est
1046 2436 1220 2499 consusro&

253 2522 428 2581 conturbatio
444 2540 536 2595 retpm
551 2520 582 2581 δι
603 2520 773 2590 verborum,
794 2540 853 2579 non
873 2520 922 2581 suo
936 2519 1133 2581 collocatorum
1146 2521 1221 2582 loco.

252 2599 393 2683 Georgius
407 2602 582 2674 Bucananus,
596 2618 678 2682 poeta
691 2600 863 2684 gravissimus
874 2602 904 2663 ὅ(
913 2600 1136 2683 elegantissimus,
1148 2600 1220 2663 vidit

254 2683 357 2761 primus
368 2684 466 2758 ,tende
485 2681 536 2741 ista
549 2681 634 2743 essent
647 2682 774 2743 distraiia
787 2701 869 2764 atque
886 2684 993 2744 divulsa
1001 2726 1012 2754 ,
1022 2704 1055 2742 ac
1065 2704 1112 2744 nte
1126 2683 1221 2742 docuit

254 2783 320 2823 cum
334 2765 409 2836 asiis,
420 2786 453 2825 ea
468 2762 505 2823 stc
521 2764 715 2845 conjungenda
730 2759 800 2826 esse:
819 2766 860 2824 Er
873 2764 970 2825 dicitur
982 2765 1107 2823 humilior
1121 2766 1221 2844 demis-

250 2848 319 2923 fior:
334 2845 459 2922 infirnus,
475 2844 655 2905 humillimus:
666 2849 737 2924 quod
749 2846 778 2906 in
793 2849 890 2904 mundo
902 2845 995 2925 infima
1014 2848 1117 2907 annus.
1131 2845 1220 2908 TUR-

181 2935 187 2945 ‘
254 2940 327 2987 ΝΕΒ.
343 2925 411 2987 Νοη
425 2942 531 2985 rantum
549 2926 631 2986 doleo
641 2927 735 2988 vicem
751 2927 834 3003 hujus
842 2928 913 2997 loci,
926 2947 1093 3008 quamquam
1106 2924 1223 3007 peffime'

254 3004 293 3065 est
304 3023 445 3087 acceptus:
456 3022 590 3089 quantum
604 3008 740 3083 admiror,
751 3030 808 3069 non
822 3006 876 3069 effe
885 3008 1107 3070 animadversum
1122 3008 1158 3067 ab
1173 3010 1221 3085 iis,

255 3090 304 3167 qui
322 3089 395 3150 hunc
414 3088 555 3151 auctorem
573 3091 746 3173 purgandum
766 3089 952 3171 susceperunt:
970 3106 1002 3150 ut
1018 3090 1080 3167 satis
1096 3089 1219 3163 constet,

255 3168 395 3251 insigniter
406 3170 460 3233 esse
469 3170 664 3250 depravatum.
673 3172 709 3233 Et
720 3171 776 3233 stne
788 3191 891 3253 magno
901 3173 1013 3254 negotio
1024 3173 1124 3232 vulnus
1133 3173 1222 3251 aperi.

254 3250 278 3311 ri
288 3292 298 3324 ,
307 3250 416 3311 sortasse
431 3254 512 3313 etiam
524 3254 611 3312 curari
627 3252 734 3335 poterit.
745 3254 916 3334 Disputabat
924 3255 998 3313 eninr
1012 3253 1106 3314 Varro
1119 3254 1154 3313 de
1166 3253 1221 3315 hoc

254 3335 367 3401 nornine
379 3324 507 3411 Hamus,
520 3334 551 3395 &
566 3336 601 3393 ab
611 3356 646 3395 eo
655 3336 793 3397 derivatis.
804 3334 846 3395 Fa
854 3334 998 3415 disputatio
1011 3356 1068 3396 non
1079 3338 1222 3395 continua-

256 3432 285 3472 ta
301 3412 356 3488 est,
370 3414 416 3475 sed
433 3431 549 3496 propter
565 3416 731 3499 pagellarum
747 3416 986 3498 transpositionem
996 3419 1168 3497 perturbata,
1183 3416 1220 3477 ad
1309 3453 1311 3460 ι

257 3514 321 3555 eum
331 3495 413 3577 usque
422 3496 516 3557 locum
525 3544 534 3570 ,
543 3499 590 3557 ubi
606 3500 705 3559 iterum
716 3500 751 3559 de
759 3499 891 3559 derivatis
904 3498 941 3557 ab
951 3498 1040 3557 humo
1051 3498 1161 3569 disserit,
1172 3499 1223 3573 ibi,

262 3578 319 3635 Ubi
334 3599 403 3645 nunc
420 3580 454 3659 ιβ
465 3581 551 3640 Ruina
561 3578 659 3661 septim
680 3581 806 3639 monrium
817 3582 886 3642 διε.
903 3578 980 3657 Quae
991 3580 1054 3640 sane
1072 3580 1138 3639 olim
1154 3600 1222 3639 con·

257 3654 352 3728 juniia
365 3677 442 3720 etant
465 3681 529 3719 cum
547 3660 601 3718 boc
615 3662 689 3721 ioco.
707 3661 800 3741 Quod
819 3663 894 3722 enim
915 3663 969 3720 hoc
986 3682 1085 3723 vetum
1101 3681 1157 3718 non
1172 3660 1222 3734 stt,

257 3756 343 3798 nemo
363 3741 571 3819 adversabitur,
590 3745 636 3823 qui
659 3743 772 3817 viderit,
794 3744 823 3801 in
843 3742 953 3803 duobus
970 3744 1012 3802 hi's
1030 3742 1098 3815 locis
1118 3742 1223 3802 varro·-

258 3836 325 3877 nem
342 3840 400 3885 non
414 3820 464 3881 srbi
480 3821 619 3885 constare:
638 3824 698 3897 hic,
718 3824 795 3906 quod
809 3823 898 3884 subito
910 3824 1083 3903 interruperit
1096 3843 1158 3882 eam
1168 3824 1222 3884 dis·
1239 3890 1242 3901 ,

258 3901 447 3977 putationem:
467 3904 520 3976 ibi,
547 3907 622 3983 quod
642 3926 677 3965 ex
698 3906 850 3986 interrupto
871 3926 935 3967 eam
955 3906 1110 3987 repetimit,
1131 3926 1221 3985 neque

257 3980 341 4062 loco,
356 4004 447 4068 neque
464 3987 570 4057 ratione
588 3988 642 4053 uua
656 3990 695 4050 ita
711 3986 877 4071 posttdaute.
892 3989 982 4051 Aliter
998 3987 1073 4051 enim
1092 3986 1221 4049 neutrubi
