3209 4967
913 316 921 355 Ι
962 346 963 350 ’
1268 370 1273 381 c

1354 392 1361 425 l

446 512 574 625 ne
783 524 1078 601 noun

410 703 412 708 ·
447 681 543 749 diebus
566 672 709 742 simulacta
724 678 853 743 Deorum
869 682 1005 765 carpentis
1024 682 1255 757 traducebantur,
1278 656 1408 745 velcuns
1511 730 1512 749 r

447 762 510 825 Rex
532 760 697 824 sacrificulus
716 762 761 824 lX
787 764 849 825 Kal.
873 764 962 846 April.
983 765 1120 827 &rursus
1142 764 1188 827 lX
1212 764 1274 825 Kal.
1294 762 1357 839 Jun.
1372 784 1407 825 ex

397 888 401 899 ,
446 844 524 924 regia
538 842 715 905 transferebat
726 863 785 904 rem
801 844 927 905 divinum
942 846 979 905 ad
995 848 1150 919 comitium,
1161 846 1203 921 dt,
1219 842 1352 907 sacrificio
1368 845 1408 907 ibi

445 924 548 1065 gppipr
558 924 780 1067 ffass'stfuff
796 928 936 1007 repetebat
957 929 1070 1010 regiam.
1095 926 1186 1003 Cujus
1201 928 1269 987 ritus
1284 926 1409 989 meminit

530 1051 537 1065 .
567 1027 606 1069 ι.
680 1030 697 1067 a
719 1027 760 1066 or.

488 1088 613 1165 Quattuor
623 1028 684 1149 inde
697 1085 779 1147 natis.
791 1088 864 1148 loeus
880 1089 933 1169 esi,
951 1090 1044 1169 quibus
1061 1088 1149 1149 ordine
1165 1088 1237 1149 leuis

531 1170 582 1228 Vel
599 1188 656 1229 mos
687 1190 822 1241 atrorrun,
845 1170 890 1228 uel
899 1171 969 1253 friga
992 1193 1016 1231 re
1034 1171 1059 1229 is
1072 1171 1143 1250 inest.

386 1247 388 1250 ’
415 1264 418 1269 ·
443 1245 504 1327 Ubi
518 1266 636 1329 quatuor
649 1171 706 1310 ild:
723 1264 819 1322 notas,
833 1251 931 1330 quibus
950 1251 992 1311 bic
1007 1192 1066 1311 dies
1086 1252 1112 1309 in
1126 1249 1200 1313 fallis
1217 1266 1340 1322 notatur,
1357 1248 1403 1337 Q.

444 1327 482 1390 R.
500 1326 536 1392 (ἶ.
550 1328 582 1391 F.
596 1331 633 1389 ita
648 1332 781 1411 explicat:
796 1334 913 1411 Quando
930 1336 991 1392 Rex
1008 1324 1112 1392 comitio
1122 1330 1206 1411 feeit,
1225 1332 1290 1406 vel,
1307 1334 1405 1411 Quan-

445 1412 482 1468 do
498 1412 559 1472 Rex
570 1412 673 1471 comitio
685 1409 722 1491 fu
740 1412 773 1473 it.
788 1413 882 1473 Vurro
898 1429 988 1473 autem
1003 1410 1058 1475 stc:
1075 1414 1191 1491 Quando
1207 1414 1269 1473 Rex
1287 1414 1404 1475 comitia·

441 1492 501 1566 uit,
509 1491 578 1569 fas,
593 1492 623 1551 id
637 1491 695 1567 est,
706 1434 834 1571 (luendo
853 1492 914 1555 Rex
928 1497 957 1553 in
973 1497 1086 1555 comitio
1102 1492 1162 1581 fuir,
1179 1493 1237 1556 fas:
1252 1493 1405 1575 atiquando

442 1571 474 1629 in
488 1572 602 1631 comitio
615 1572 670 1646 est,
683 1574 769 1635 nefas.
786 1574 826 1635 est
841 1576 913 1635 enim
927 1575 1066 1637 intercisus
1080 1574 1156 1649 dies,
1166 1576 1198 1639 dt
1210 1578 1330 1636 anterior
1341 1594 1405 1653 puts

311 1672 317 1678 ‘
381 1673 385 1682 ·
444 1650 543 1725 nefas,
562 1652 698 1733 posterior
720 1654 771 1716 fas.
786 1654 896 1731 Ouidio
914 1656 1046 1717 consentit
1066 1656 1225 1717 Plutarchus
1241 1657 1269 1715 in
1290 1655 1433 1731 Probe-¹

443 1734 546 1807 matis,
560 1736 684 1797 Varroni
702 1734 806 1798 Festus.
832 1734 919 1798 Porro
938 1740 1025 1799 ducere
1041 1739 1122 1818 saera
1143 1736 1273 1819 Virgilius
1292 1748 1406 1819 quoqne

442 1813 513 1876 dixit
530 1814 610 1879 lib.8
626 1817 737 1880 AEneid.
1352 1844 1360 1857 ·

390 2101 405 2146 f
440 2056 475 2121 Ν
476 2055 575 2119 alerius
591 2054 706 2120 Flaccus
723 2059 769 2120 lib.
794 2080 808 2143 3
825 2060 978 2142 Argonaur.

627 2142 811 2199 -ο--Εοί
826 2141 923 2224 pocula
943 2141 1017 2222 regni
1139 2144 1144 2157 ‘

480 2219 614 2293 Duceret,
630 2243 662 2281 ac
675 2221 762 2302 rurfits
778 2222 890 2304 thyasos
905 2226 931 2285 u
942 2224 1020 2303 ſsucra
1037 2238 1154 2285 moveret.
1175 2219 1307 2283 POPMA·
1374 2279 1387 2306 5

480 2298 779 2382 litt.13.Pertineat.]
798 2304 924 2365 Pertinet.
945 2307 1133 2367 intrusum.

480 2379 529 2443 lin.
542 2384 594 2459 ¹16.
605 2383 704 2447 Iunius
722 2385 884 2526 Grattius?
897 2386 954 2446 Alii
968 2386 1151 2447 Gracchanum
1161 2382 1253 2445 citant.
1268 2381 1406 2445 Setun.

484 2463 538 2523 lim*
551 2483 595 2543 ²7·
610 2462 785 2546 ’nnpottrnn
802 2462 857 2527 For
870 2488 904 2525 an
923 2466 958 2528 de
976 2466 1031 2528 hoc
1047 2468 1109 2527 loco
1123 2465 1259 2528 Varronis
1273 2452 1406 2525 sentiebat
1513 2501 1514 2519 r

441 2540 615 2611 Macrobius.
638 2549 749 2621 Cincio,
768 2549 872 2630 inquit,
890 2547 968 2609 'etiam
988 2552 1069 2608 Varro
1087 2548 1232 2628 consentit,
1252 2545 1406 2628 affinnans,
1513 2560 1514 2579 ¹

434 2626 488 2707 sub
508 2620 612 2707 regibus
630 2650 676 2688 nec
690 2630 816 2689 Latinum
842 2650 934 2688 nomen
960 2630 1087 2703 Veneris,
1105 2650 1152 2688 nec
1177 2626 1293 2687 Grncurn
1301 2624 1404 2705 fiaiffe:

441 2708 469 2767 fu
486 2705 546 2767 idea
559 2726 611 2766 non
625 2709 734 2791 putuiffl
748 2711 854 2791 mensem
872 2732 889 2767 a
913 2713 1007 2771 Venere
1027 2710 1163 2771 nominari.
1181 2706 1225 2767 Sic
1244 2708 1275 2767 dt
1292 2706 1406 2768 Arnob.

438 2784 488 2848 lib.
516 2807 548 2848 rt
570 2808 622 2851 nec
642 2790 762 2853 Venetis
775 2808 856 2865 ,nec
877 2790 1016 2871 Apollinis
1034 2793 1201 2862 mentionem
1224 2784 1322 2847 fallam
1350 2785 1408 2849 elle

439 2868 467 2925 in
485 2866 589 2931 Numae
601 2870 816 2958 indigitamentis
834 2870 953 2934 testatur.
970 2871 1069 2953 Quare
1085 2872 1177 2933 minus
1189 2869 1334 2951 prudenter
1349 2866 1407 2928 En·
1478 2912 1482 2929 .

438 2948 501 3008 nius
514 2948 635 3015 Veneris
651 2957 825 3017 mentionem
843 2952 936 3015 fecerit
955 2956 1037 3034 regiis
1055 2952 1235 3029 temporibus.
1250 2948 1327 3007 Nam
1338 2968 1406 3009 curn

438 3030 476 3094 ud
497 3032 606 3095 tertium
622 3034 704 3117 usque
722 3035 860 3096 Annalem
879 3035 1015 3115 regiorum
1032 3051 1191 3109 temporum
1215 3026 1288 3111 gesta
1312 3031 1408 3089 conti-

438 3108 532 3173 nualle
550 3114 642 3175 multis
656 3114 816 3176 testimoniis
828 3114 892 3173 inde
930 3112 1048 3173 roduiiis
1061 3108 1181 3185 constet,
1192 3110 1220 3166 in
1238 3108 1333 3186 primo
1343 3110 1406 3170 An.

436 3193 492 3256 nali
506 3192 544 3257 ue
566 3195 704 3277 quendam
724 3211 849 3257 orantem
869 3196 896 3251 in
916 3196 986 3255 ucit:
1062 3194 1064 3199 '

482 3272 516 3332 Te
539 3295 625 3349 nune,
633 3275 728 3357 fienda
747 3274 853 3342 Venus,
873 3291 979 3353 precor,
995 3270 1022 3329 δ’
1037 3270 1153 3350 genitrix
1166 3270 1246 3355 patri’
1264 3270 1380 3356 nostri,

440 3373 445 3381 ’
484 3356 528 3413 Ut
541 3356 635 3413 nosue
653 3354 715 3413 caio
729 3353 804 3434 visat
820 3370 933 3431 cognata
946 3371 1097 3435 parumper,
1136 3392 1137 3399 κ

483 3434 588 3511 Teque,
608 3434 720 3513 Quirine
729 3429 823 3513 pater',
837 3453 958 3509 ueneror,
977 3435 1130 3513 Horamque
1149 3430 1274 3515 Quirini,

482 3512 580 3592 Teque,
591 3533 668 3597 pater
684 3515 822 3587 Tiberine,
838 3532 883 3575 tuo
901 3535 958 3574 eum
967 3514 1078 3596 fluunine
1088 3514 1190 3595 stando.

434 3591 550 3736 {famen
566 3595 628 3655 illos
640 3595 734 3655 versus
748 3599 775 3654 in
789 3594 897 3657 duobus
912 3594 1085 3675 unitatibus,
1100 3596 1184 3657 tribus
1195 3592 1262 3655 locis
1278 3590 1404 3655 divulsos

448 3695 463 3735 e
484 3696 522 3736 es.
537 3675 670 3739 SantG.

464 3692 525 3817 glin.
554 3755 602 3819 28.
622 3756 772 3835 Antiquam
793 3758 915 3851 oppidum
939 3756 1115 3837 Palatium]
1145 3754 1217 3819 Puto
1233 3752 1400 3837 legendum:

437 3837 583 3919 Lusiratun
602 3838 740 3919 antiquum
764 3841 888 3918 oppidum
907 3837 1020 3909 Palati,
1045 3859 1124 3899 nunc·
1138 3837 1258 3916 gregibus
1276 3835 1400 3899 humanis

437 3916 555 3981 cinnum.
570 3918 637 3982 Hoc
650 3919 727 3981 enim
746 3918 816 3980 dixit
827 3920 864 3979 ad
880 3917 1063 3979 differentiam
1080 3918 1181 3983 veteris
1200 3916 1311 3997 oppidi,
1326 3916 1398 3975 circa

436 4001 511 4082 quod
539 4001 620 4064 initio
649 3999 821 4082 pascerentur
840 4020 935 4085 greges
955 4019 1097 4084 pecorum.
1114 3996 1214 4081 Quod·
1228 3996 1397 4081 temporibus
