3209 4967
292 523 456 596 ‘218
702 521 1000 596 NOTAE

382 680 470 760 inquit
480 677 654 760 Hesychius,
665 683 708 740 tit
723 679 789 761 napi
806 679 866 743 τοῖς
881 678 1052 762 γυναικείοις
1067 679 1178 762 χςτοῖτι
1196 701 1349 764 esxpecta-

383 760 466 839 μένα.
486 757 522 819 Et
540 762 568 818 in
587 759 607 822 6
634 759 890 842 Epigrammatum:
1002 797 1005 802 v

508 875 542 888 -
562 843 611 903 terti
627 838 714 924 irripere
725 843 751 903 oi
770 843 884 924 χρυσοῖ
896 843 1033 922 κάλαμος.

382 921 478 983 Petrus
493 921 633 983 Vislorius
645 925 763 1006 reposuit
780 925 918 1005 nugatorio
934 947 969 984 ex
986 925 1088 985 veteris
1102 922 1239 1006 scripturae
1254 924 1349 986 ausiu-

381 1006 471 1063 ritate.
486 1004 520 1064 ld
532 1005 582 1064 erit
600 1004 690 1081 sutili,
708 1007 758 1066 eal
775 1006 1030 1088 anteposuerim
1046 1009 1201 1088 nugatorias
1220 1007 1347 1068 mulieres

382 1099 470 1146 vocat
485 1084 580 1146 Felius
599 1090 656 1148 rite
667 1080 808 1161 εὐτελεῖς,
824 1089 876 1149 καὶ
892 1082 1155 1169 εὐκαταφρονήτους.
1170 1087 1306 1150 SGALIG.

423 1165 471 1227 lin.
494 1187 530 1227 12
548 1166 588 1247 sq.
605 1169 637 1228 Α
650 1190 702 1248 quo
721 1171 817 1230 Anius
841 1171 901 1244 ait,
922 1170 1050 1244 Personas
1065 1171 1185 1248 dissertas
1201 1171 1289 1229 oribus
1303 1172 1346 1230 de·

378 1245 508 1334 firmatis,
526 1249 675 1331 miriones]
693 1248 741 1310 De
755 1250 875 1332 personis
893 1250 1054 1311 histrionum
1069 1249 1229 1312 monstrosrs
1250 1253 1282 1311 &
1296 1251 1346 1311 de·

318 1313 336 1340 ⁸
382 1325 517 1389 sormibus
528 1331 659 1412 intelligo.
673 1332 748 1411 quod
763 1333 795 1394 &
812 1331 846 1394 de
863 1331 995 1394 sumilibus
1010 1330 1148 1414 figmentis
1162 1331 1282 1391 ridiculis
1299 1353 1346 1392 ac·

382 1411 437 1492 cipi
457 1411 541 1470 etiam
559 1412 652 1472 velim.
671 1412 826 1476 TURNEB.

424 1491 469 1554 lin.
489 1509 532 1570 13.
548 1493 645 1554 Ibidem
655 1496 785 1574 ferentia,
797 1489 938 1575 scrupeis,
945 1494 1114 1586 sindillae,
1124 1492 1257 1576 tantuin]
1273 1493 1345 1554 Ver·

382 1569 427 1632 sus
441 1574 504 1644 hic,
520 1572 712 1655 superioribus,
723 1593 753 1636 ut
767 1595 892 1658 apparet,
908 1576 1117 1657 adjungendum
1132 1575 1217 1636 sedin
1233 1575 1345 1656 scripto-

385 1673 447 1714 rum
467 1654 542 1713 libris
557 1658 634 1717 varie
657 1674 822 1739 conceptus:
841 1659 919 1733 cujus
936 1656 1011 1717 haud
1026 1655 1102 1729 scio,
1122 1677 1157 1714 an
1176 1656 1346 1716 verissimam

327 1728 348 1749 ''
381 1733 433 1794 srm
456 1734 604 1796 formulam
631 1739 797 1798 exhibiturus
821 1739 940 1801 literatis.
971 1735 1223 1816 Quemadmodum
1253 1756 1347 1798 tamen

211 1813 214 1817 ’
382 1815 451 1876 mihi
472 1817 599 1877 videatur
613 1818 668 1878 elle
688 1819 862 1894 scribendus,
880 1813 983 1880 didam.
1000 1819 1077 1961 [ῗο
1096 1821 1196 1902 igitur:
1213 1821 1345 1894 Senecio,
1383 1897 1386 1901 Ι

375 1899 528 1978 scrupedae,
545 1901 724 1976 stillando,
739 1903 860 1962 tantulo.
885 1899 1012 1962 Tantulae
1040 1918 1087 1962 unt
1105 1919 1217 1981 parvae,
1234 1900 1344 1962 breves.

381 1993 413 2038 ut
438 1977 514 2059 apud
536 1977 624 2041 Plaut.
651 1981 768 2040 Tantulo
795 2000 873 2042 tanta
894 1984 972 2042 verba
990 1983 1123 2063 fitnditat.
1147 1981 1262 2043 Scraciae
1283 1980 1345 2041 sum

381 2079 458 2140 aeque
474 2057 654 2138 despiciendae
669 2063 701 2123 &
716 2063 936 2124 comtemnendae
946 2084 979 2122 ac
991 2063 1066 2124 screa
1076 2062 1219 2144 sputaque,
1237 2061 1275 2122 fic
1289 2067 1345 2124 voi

379 2157 448 2200 catae
465 2139 541 2217 quasi
553 2142 683 2221 screacr'ae.
694 2143 849 2208 TURNEB.
860 2144 952 2224 Lege:
970 2146 1040 2204 Idem
1054 2145 1233 2206 Neruolaria:
1248 2149 1346 2205 Stran-

380 2226 444 2281 etia.
464 2222 583 2282 Veteres
598 2224 688 2284 excuss
710 2225 865 2298 habebant,
884 2229 955 2286 Idem
973 2226 1001 2283 in
1016 2226 1156 2288 ervoiaria.
1176 2224 1218 2284 Ex
1242 2245 1277 2285 eo
1291 2227 1346 2307 igi·

381 2319 427 2362 tur
448 2299 611 2365 restituenda
626 2326 694 2366 vera
711 2304 800 2367 tedio.
823 2305 887 2366 Hoc
903 2308 941 2365 ita
963 2305 1017 2367 elle
1035 2305 1149 2370 testatur
1160 2307 1191 2368 δι
1204 2306 1267 2366 Pius
1277 2307 1346 2367 iln-

380 2385 556 2445 notationum
577 2384 683 2446 suatum
705 2407 767 2468 cap.
791 2407 859 2459 204.
889 2384 992 2448 Similia
1017 2389 1147 2447 convicia
1170 2389 1199 2445 in
1220 2389 1345 2447 meretri·

351 2509 353 2515 .
381 2485 447 2538 ces,
462 2483 492 2526 ut
514 2467 542 2524 ia
559 2466 739 2545 superioribus
754 2469 854 2548 :quod
871 2467 951 2542 fecit,
972 2489 1002 2528 ut
1020 2468 1174 2548 superiores
1200 2467 1295 2528 versus
1310 2489 1346 2530 ex

380 2544 545 2608 Nervularia
560 2548 614 2609 elle
634 2551 756 2628 putarint
772 2569 890 2629 propter
906 2549 1067 2610 affinitatem
1084 2549 1232 2610 sententiae.
1249 2549 1346 2630 ltaque

380 2628 445 2687 hinc
459 2627 595 2699 eraserunt
606 2651 711 2692 nomen
730 2629 923 2702 Neruolaria,
940 2631 1016 2710 quod
1032 2646 1171 2711 putarent,
1188 2630 1218 2689 id
1233 2651 1346 2711 ponen-

289 2706 291 2711 ’
380 2710 449 2768 dum
465 2708 528 2784 effe,
545 2711 592 2772 ubi
607 2713 706 2772 citatur
724 2710 883 2775 Cistellaria.
899 2712 1055 2786 Serennia,
1066 2713 1094 2770 in
1104 2711 1246 2772 nonnullis
1263 2713 1345 2771 Stra-

380 2793 445 2850 elia.
461 2786 591 2852 Scracere
616 2794 725 2855 videtur
741 2794 808 2854 olim
830 2793 933 2853 disium
951 2795 984 2854 ‘ri
1005 2791 1230 2876 χρίμπτεσθαι.
1254 2791 1346 2871 Quod

382 2871 499 2931 verbum
513 2873 546 2933 δι
564 2871 646 2934 liodie
663 2894 774 2954 quoque
793 2875 880 2956 vulgo
894 2875 921 2934 in
936 2872 1027 2935 Gallia
1054 2874 1222 2956 usurpamus.
1236 2872 1269 2934 ln
1283 2873 1347 2936 Nu·
1366 2892 1369 2898 ‘

378 2953 428 3012 nio
443 2952 475 3012 dt
491 2950 572 3014 Feslo
588 2954 735 3016 manifesto
747 2956 842 3036 legitur
861 2957 986 3036 Sempro.
1000 2953 1139 3016 Titurnius
1154 2953 1255 3017 Prilia:
1380 2963 1388 2978 ‘

419 3034 528 3107 Resistet
546 3037 668 3115 mecastor
685 3037 811 3097 Piculetae
825 3037 952 3117 Postumo

419 3115 521 3175 Lunum
539 3117 615 3176 hodie
629 3117 739 3198 stratum
758 3118 837 3192 vidi,
851 3119 964 3199 straptae
984 3116 1109 3178 mulieris.

380 3192 480 3274 Quare
490 3200 619 3280 firaptae,
631 3218 684 3277 pro
701 3201 910 3270 meretricibus,
927 3198 1004 3279 quast
1023 3196 1213 3280 despiciendae.
1236 3202 1347 3277 Scrupe.

379 3280 436 3349 dn,
452 3298 515 3360 quae
533 3297 607 3362 aegte
628 3279 776 3354 incedunt,
796 3279 833 3338 ab
848 3300 884 3340 eo
901 3281 978 3361 quod
993 3281 1040 3360 qui
1062 3300 1110 3360 per
1128 3278 1240 3360 scrupos
1261 3281 1291 3339 δι
1308 3280 1346 3337 la·

379 3358 460 3437 pillos
475 3358 623 3435 incedunt,
638 3359 747 3422 difficile
762 3359 960 3442 ingrediuntur.
980 3359 1056 3500 (ἐπὶ
1071 3361 1108 3420 it'a
1124 3381 1196 3443 aegre
1218 3358 1346 3420 confille·

378 3453 461 3512 rent,
475 3456 584 3500 veteres
594 3442 677 3502 etiam
693 3441 812 3522 Petrejas
829 3443 980 3504 vocabant.
1022 3461 1059 3524 go
1075 3461 1142 3522 puto
1158 3443 1252 3502 melius
1269 3439 1343 3514 elle,

379 3539 410 3578 ut
423 3520 564 3594 dicamus,
576 3520 715 3597 Plautum,
732 3543 795 3584 cum
812 3524 870 3583 lraec
887 3543 921 3583 ex
938 3520 1041 3584 Graeco
1059 3521 1230 3592 transferret,
1242 3521 1345 3583 Graeca

378 3601 668 3682 quaedam‘vocabula
690 3602 844 3665 reservasse.
866 3602 961 3684 Itaque
975 3605 1139 3685 scruptdas,
1160 3601 1237 3686 quast
1254 3624 1345 3684 crupt-
1421 3628 1422 3634 ¹

372 3683 432 3740 'das
454 3682 559 3755 disias,
577 3702 606 3744 ut
619 3686 749 3760 tritavus,
765 3684 914 3755 stritavus,
930 3684 988 3748 &u
1005 3681 1153 3767 repostaria
1172 3686 1267 3757 enim,
1281 3702 1346 3764 quae

379 3762 413 3824 ἃ
433 3762 593 3846 κρούπεζα,
617 3763 717 3828 Graece
743 3767 872 3826 dicuntur
894 3763 1059 3846 sculponeae.
1084 3765 1113 3825 A
1135 3786 1192 3847 quo
1217 3766 1347 3827 homines

379 3844 454 3905 duris
470 3847 589 3926 pedibus
605 3847 636 3909 &
652 3847 751 3930 ligneis
771 3847 946 3907 vocabantur
969 3871 987 3907 κ
1004 3845 1121 3909 asurim
1131 3847 1162 3908 &
1175 3844 1344 3927 ιιρούτεζοι’·.ι

376 3927 440 4004 quia
458 3925 625 4010 nposnedoe,
646 3929 734 4010 inquit
754 3927 877 4009 Hesych.
902 3928 1073 4003 noviomo,
1093 3929 1142 3989 καὶ
1158 3921 1342 4004 ὑποθήματα

375 4003 477 4086 ξύλινα
488 4011 551 4087 μεθ’
570 4004 606 4074 dt
618 4014 674 4072 titt
686 4007 788 4074 ἐλαίας
801 4007 941 4074 nuttriri.
954 4009 1066 4074 Deinde
1080 4011 1146 4073 τοὺς
1164 4007 1345 4090 reprenditur
