3209 4967
473 296 487 343 s

287 457 835 591 x*ruurnuuur
885 516 955 592 vr.
1099 489 1165 618 r'89

216 663 335 741 Pertinet
352 679 405 739 huc
421 639 635 759 ntulus'suyrae
654 677 855 753 Varronianae,
882 669 956 761 siper
978 674 994 743 ri
1015 683 1109 743 nonus
1132 688 1170 744 rs.
1214 752 1218 770 ι

213 760 316 837 σῶμα.
331 760 396 841 erupi
414 760 610 831 monumen,
631 758 646 822 li
667 759 732 841 περὶ
747 757 969 841 γεγαμηκότων.
992 760 1091 839 Quam
1111 782 1167 845 ego

218 839 537 921 utramque-scripturam
560 838 664 901 offendi
685 842 714 899 in
736 842 832 901 codice
846 839 932 901 Nonii
947 862 1030 903 manu
1047 843 1168 925 scripto,

218 940 366 1001 antequam
386 920 511 982 vidissem
533 924 722 982 annotationes
738 920 855 981 Adriani
871 920 960 997 Junii,
982 925 1035 983 viri
1052 925 1169 999 eruditi,
1236 978 1239 987 .

132 1074 136 1081 ¹
160 1041 163 1045 -
218 1004 267 1141 pul
288 1002 351 1078 περὶ
367 1002 582 1084 γεγαμηκότων
595 1001 624 1063 se
637 1000 780 1063 offendisse
794 1005 823 1062 in
838 1004 926 1063 veteri
942 1003 1038 1067 codice
1051 1003 1170 1066 restanus.

241 1098 375 1225 csrdldo.
391 1164 525 1242 Quoniam
540 1163 861 1307 canosasgLegeudum
883 1165 1015 1227 omnino:
1035 1166 1170 1245 Quoniam

221 1245 307 1304 Ceron
327 1266 372 1303 eas
385 1245 505 1324 finiebat
520 1247 635 1326 nuptias.
697 1265 764 1316 ron,
779 1262 860 1325 prout
876 1264 942 1306 tunc
964 1244 1021 1307 sine
1035 1246 1171 1328 aspiratio·

217 1345 255 1385 ne
269 1322 437 1398 scribebant,
453 1324 492 1386 est
507 1324 629 1387 Charon.
638 1325 719 1404 Quid
734 1325 815 1406 igitur
830 1328 948 1407 argutius
963 1327 1019 1387 hoc
1036 1332 1173 1409 epigram·

218 1405 327 1465 matio?
349 1404 440 1485 Quod
459 1407 599 1486 decrepito
621 1407 759 1487 decrepita
777 1406 909 1489 nupserit,
928 1407 1100 1470 Charonteur
1124 1428 1173 1469 eou-

223 1507 285 1546 mm
303 1486 382 1562 suislev
397 1488 552 1568 pronubum
567 1489 598 1550 δι
613 1487 769 1567 auspicem,
784 1490 821 1547 air
839 1486 975 1559 Manilius.
1000 1487 1134 1551 Scitne.

259 1566 390 1633 linasszr.
415 1569 524 1650 Papinii
549 1569 796 1647 epigrammatum]
820 1567 911 1629 Exstat
930 1570 975 1628 hic
1001 1570 1172 1649 perlepidum

218 1646 1173 1791 {5:2⁰²ldbibli*‘liuddulfus:ll‘li‘lffsszt

219 1777 313 1870 larum:
338 1750 495 1892 egoqcreta
526 1810 645 1891 quadam
669 1811 779 1871 cimolia
801 1750 860 1891 dius
886 1751 1108 1871 macdlasqdeter
1128 1831 1175 1872 ere

219 1892 364 2027 conpbor,
392 1910 601 1972 proponamque
629 1890 679 1965 id,
704 1891 940 1972 quemadmodum
968 1890 1045 1952 scn'bi
1074 1891 1109 1953 de
1145 1912 1174 1953 re
1272 1906 1275 1915 “

219 1992 360 2030 ceneam:
429 2001 433 2012 =

263 2050 417 2112 Ridiculum
436 2054 480 2132 est,
500 2072 557 2110 eum
577 2070 602 2112 te
622 2053 730 2133 Cascam
749 2070 797 2112 tua
816 2052 880 2114 dicit
896 2052 991 2131 amica,

302 2133 357 2191 Fili
373 2134 466 2212 poloni
478 2132 639 2214 sesquisenex
655 2155 771 2216 puerum.

263 2215 320 2273 Dic
339 2232 369 2272 tu
382 2213 456 2273 illam
473 2214 584 2294 pusam:
596 2216 638 2293 fic
650 2217 702 2293 fies
719 2234 809 2274 mutua
828 2215 893 2275 muli
899 2239 910 2280 t

306 2295 379 2354 Nam
398 2316 456 2351 uere
472 2296 556 2376 pusrls
574 2314 619 2367 tu,
641 2316 697 2362 tua,
708 2297 794 2357 amica
808 2298 898 2377 senex.

221 2374 298 2453 Cum
322 2373 483 2436 invenissem
502 2377 530 2435 in
548 2391 641 2439 verere
657 2371 726 2437 libro
745 2378 853 2455 potonis
872 2375 945 2456 esqui
959 2377 1040 2457 senex
1049 2422 1061 2452 ,
1080 2374 1197 2437 existin
1270 2372 1278 2388 ⁸

223 2456 302 2516 mavi
325 2457 417 2536 petoni
438 2455 602 2536 sesquisemx
626 2458 792 2539 legendum,
814 2457 840 2517 id
864 2456 918 2534 est,
942 2457 1083 2539 plusquam
1100 2478 1177 2519 anus.

223 2542 317 2604 Seneu¹
332 2539 406 2597 enim
426 2537 461 2595 de
481 2536 594 2597 muliere
614 2542 695 2599 etiarn
715 2539 830 2611 dicitur,
851 2552 881 2596 ut
891 2583 902 2610 ,
921 2557 968 2597 tua
987 2540 1069 2599 amice
1102 2560 1176 2598 enex.

222 2617 290 2678 Sunt
309 2617 410 2679 &duo
429 2616 543 2691 iambici
562 2618 657 2679 versus
673 2618 777 2699 oppido
796 2638 879 2698 quam
905 2620 1040 2700 elegantes
1057 2541 1178 2692 usanilii,
1234 2646 1236 2653 ¹

223 2700 259 2758 de
273 2697 350 2758 casca
368 2696 474 2759 cascam
488 2696 613 2759 ducente.
629 2702 658 2759 in
677 2700 775 2779 quibus
789 2718 898 2759 canorae
916 2702 1019 2778 nuptiae
1035 2698 1096 2758 sunt
1113 2718 1180 2759 con·
1229 2697 1253 2754 'i

244 2797 316 2849 ruae,
331 2779 548 2849 convenientes,
563 2781 747 2839 concinentes.
767 2779 919 2841 Titurius.
939 2780 1081 2861 Pomponii
1105 2778 1179 2862 apud

223 2799 394 2921 {tissimum
409 2858 456 2919 Sic
476 2874 567 2917 autem
584 2862 643 2934 ejus
657 2862 827 2941 epigramma
844 2858 991 2942 legendum
1013 2858 1067 2923 est:

265 2940 415 3001 Ridiculum
435 2940 487 3018 cst,
501 2959 558 3001 eum
577 2958 601 2998 ιι
623 2940 728 3017 Cascam
748 2958 794 3000 ma
814 2942 877 3001 dicit
895 2943 995 3017 amica,
1036 2950 1045 2971 ·

305 3020 362 3080 fili
382 3020 492 3081 Petroni
502 3067 510 3093 ‚
510 3018 688 3159 sseulstv‘x
705 3042 822 3101 puerum.

187 3147 191 3154 .
266 3104 321 3162 Dic
341 3119 370 3161 ru
387 3103 508 3183 pusami
530 3120 588 3161 sm:
604 3104 645 3179 fic
660 3101 710 3179 fiet
730 3120 818 3162 mutuo
838 3102 911 3163 muli.
1005 3152 1008 3158 .

305 3184 379 3243 Num
398 3205 455 3242 vere
472 3183 552 3263 pufiss
572 3202 618 3254 tu,
638 3201 685 3242 tua
703 3184 788 3241 amica
809 3185 902 3263 senex.

223 3262 381 3325 Secundum
402 3280 494 3324 autem
515 3261 624 3323 versum
644 3280 788 3344 acceptum
806 3263 948 3323 referimus
964 3282 1104 3344 nunquam
1120 3260 1182 3323 seris

226 3345 337 3406 laudato
359 3348 420 3405 viro
437 3344 562 3403 Adriano
583 3342 735 3418 Turnebo,
756 3346 839 3404 unico
863 3342 960 3405 Galliae
977 3343 1074 3404 nostrae
1098 3362 1182 3426 atque

227 3428 300 3486 adeo
317 3428 401 3484 totius
422 3424 538 3506 Europae
558 3441 732 3486 ornamento.
759 3426 844 3487 Senex
866 3440 956 3487 autem
980 3426 1130 3499 feminino,
1152 3440 1182 3486 ut

227 3506 373 3577 Tibullus,
391 3503 411 3563 st
429 3505 500 3565 bene
524 3507 668 3592 memini?

270 3588 352 3645 Hanc
368 3589 450 3645 rident
468 3586 556 3645 merito
576 3605 614 3644 cot
631 3586 702 3646 mala
721 3583 791 3665 ferre
808 3586 903 3667 senem.
925 3586 1058 3650 Senum.

229 3667 372 3748 Pomponii
388 3684 476 3745 poetae
493 3665 549 3725 duo
569 3668 755 3750 celebrantur,
769 3686 837 3727 unus
851 3669 890 3728 ‘L.
910 3668 1072 3745 Pomponius
1089 3666 1185 3728 Bono·

228 3746 349 3819 niensis,
364 3746 560 3807 Aurelianarum
573 3746 671 3807 'audior
688 3746 907 3829 antiquiffimus,
921 3746 1041 3808 sensibus
1059 3748 1185 3819 celebris,
1266 3773 1268 3777 ·

230 3830 324 3889 verbis
342 3826 434 3897 rudis,
448 3829 480 3887 &
496 3828 620 3888 novitate
633 3831 769 3888 inventia
790 3826 818 3887 se
834 3830 922 3906 operis
938 3828 1185 3897 commendabilis,

230 3908 440 3971 airPaterculus.
452 3907 530 3966 Alt'er
548 3908 645 3966 Lucius
661 3909 824 3987 Pomponius
841 3912 994 3980 Secundus,
1005 3911 1123 3988 tragicus
1138 3916 1186 3966 va'-

228 4010 270 4053 tes
282 3989 404 4071 civisque
416 3986 585 4063 clarissimus,
593 3990 762 4070 temporibus
772 3987 837 4064 Caji
847 3990 879 4050 δι
891 3988 999 4050 Claudii
1011 3986 1139 4071 Imperat.
1151 3987 1188 4051 de
1201 3992 1204 4001 '
