3209 4967
395 521 442 637 28
729 516 1134 593 NOTAE‘

393 679 549 820 pgoximum
570 678 632 739 foto
658 676 809 751 Romano,
829 676 960 739 testantur
988 674 1104 737 Tacitus
1127 674 1227 737 Annei
1247 694 1307 754 17,
1322 676 1357 739 dt

434 761 503 820 linus
525 758 708 839 Polyhislore.
738 758 894 819 Velabrum
927 758 1025 819 dicitur
1044 779 1062 817 a
1080 755 1225 831 vehendo,
1245 758 1354 837 inquit,

392 841 459 921 quia
473 861 514 911 eo¹
529 861 562 900 ex
576 840 644 900 urbe
668 840 873 900 advehebantur
902 840 1026 912 ratibus;
1046 838 1125 912 cujus
1142 837 1258 919 vestigia
1277 838 1351 899 duo:

414 920 620 1001 timum,quod
638 922 685 1001 qui
702 920 778 981 locus
800 942 872 981 nunc
888 921 1003 1001 pedibus
1018 919 1125 991 aditur,
1145 918 1227 979 habet
1249 939 1353 979 nomen

392 940 522 1073 Velabri,
533 1001 664 1081 quoniam
684 1000 752 1061 olim
772 1002 904 1071 velamria
916 1001 1120 1074 trajiciebatut;
1134 998 1262 1071 alterum,
1275 1000 1352 1081 quod

295 1094 298 1099 '
391 1082 465 1141 unde
483 1082 666 1145 ascendebant
681 1082 716 1141 ad
731 1080 857 1143 sacellunr¹
870 1081 940 1143 Deae
960 1080 1194 1155 Rumiae,dicitur
1209 1078 1352 1140 nuncNo-
1454 1151 1457 1157 Ι

296 1185 298 1191 ·
372 1170 431 1224 'va
448 1164 513 1235 via,
533 1161 609 1242 quast
631 1179 711 1223 antea
727 1163 765 1223 ibi
784 1164 862 1243 palus
879 1161 985 1233 suisset,
1011 1182 1069 1220 non
1087 1162 1153 1219 viar
1168 1160 1270 1221 Rumia
1285 1160 1350 1221 Dea

391 1242 487 1305 eadem
505 1238 645 1313 Rumina,
666 1262 727 1326 quae
748 1264 900 1303 mammam
918 1242 1055 1324 parvulo,
1074 1257 1105 1299 ut
1118 1244 1157 1299 ait
1171 1240 1351 1323 Augustinus,

388 1323 549 1406 immulgere
568 1324 720 1393 dicebatur.
738 1326 800 1405 quia
816 1322 938 1385 Rumam
956 1323 1048 1384 dixere
1064 1338 1172 1388 ueteres
1188 1341 1348 1383 mammam.

388 1402 520 1465 Meminit
537 1403 629 1465 Varro
649 1406 683 1467 de
705 1405 747 1467 Re
770 1404 860 1467 rustic.
883 1405 929 1466 lib.
952 1425 987 1479 2,
1003 1404 1035 1465 ἃ
1053 1400 1162 1465 Catone
1188 1403 1223 1465 de
1246 1403 1349 1467 Liberis

388 1484 548 1547 educandis.
573 1485 702 1549 ΡΟΡΜΑ.
1375 1488 1378 1494 ’

419 1564 476 1637 lin.
493 1587 536 1645 ¹7·
547 1568 721 1647 ‚Quadrarttio
734 1567 841 1648 ratiti]
858 1564 1014 1629 Clausulam
1025 1562 1121 1625 versus
1131 1564 1280 1625 hexametri
1294 1563 1348 1625 elIe

386 1644 516 1727 intelligo.
536 1650 680 1727 Quadratus
702 1664 793 1709 tutem
819 1651 914 1708 ratitus
929 1648 1046 1716 dicitur,
1066 1646 1142 1727 quod
1161 1651 1244 1723 (uta
1267 1643 1350 1706 Festo

386 1724 419 1787 δι
434 1724 520 1788 Plinio
535 1727 677 1804 scribitur)
696 1731 724 1789 in
739 1749 773 1789 eo
791 1727 856 1789 elIet
874 1727 978 1811 sculpta
997 1728 1061 1788 ratis
1084 1724 1179 1805 figura.
1199 1726 1284 1805 Igitur
1306 1722 1349 1785 ro·

223 1852 227 1863 .
274 1815 276 1823 “
386 1806 453 1866 titus
468 1806 507 1868 est
517 1828 574 1869 rate
586 1827 694 1871 notatus
709 1812 741 1873 ἃ
757 1808 957 1891 insignitus‚&
969 1823 1056 1869 ratem
1067 1807 1176 1866 habens.
1192 1806 1348 1870 TURNEB.

425 1886 486 1950 ead.
505 1891 538 1951 δι
553 1888 591 1970 sq.
606 1890 721 1972 Reliqua
737 1893 808 1951 urbis
817 1891 876 1951 loca
891 1892 954 1949 oiim
965 1891 1092 1971 discreta,
1107 1906 1137 1945 ut
1148 1887 1291 1967 Argeorum
1302 1889 1348 1967 sa·

386 1969 471 2030 truria
491 1970 520 2029 in
529 1968 626 2049 septem
641 1970 668 2031 Cr
684 1972 782 2053 viginti
794 1973 892 2051 parteis
906 1973 1052 2113 urlisguot
1065 1969 1223 2049 dispostta.]
1243 1966 1347 2031 Nescio

385 2050 530 2129 quomodo
546 2070 591 2113 me
607 2048 766 2113 effascinent
781 2053 843 2112 libri
852 2054 967 2133 antiqui,
1021 2050 1057 2109 ad
1074 2047 1204 2109 insaniam
1221 2069 1267 2109 me
1280 2070 1344 2129 pro·

385 2149 421 2209 pe
441 2130 571 2212 adigunt;
587 2152 705 2213 quorum
724 2132 817 2193 insano
840 2154 935 2193 amore
954 2135 1068 2215 agitatus
1092 2129 1184 2189 audeo
1208 2128 1343 2192 scribere:

274 2212 278 2219 “
384 2210 499 2289 Reliqua
515 2213 586 2271 urbis
615 2212 674 2275 loca
695 2214 975 2294 olim1discreto‚tum
997 2214 1142 2291 Argeorum
1153 2210 1290 2290 fractorio,
1313 2212 1344 2269 in

379 2290 477 2371 septem
491 2292 517 2353 δ’
532 2292 630 2373 viginti
651 2311 755 2373 partes,
777 2296 822 2353 att
838 2296 904 2374 sum
929 2295 1060 2374 dispofito.
1083 2289 1144 2371 Ego
1164 2292 1191 2356 itt
1211 2292 1263 2351 hac
1281 2290 1345 2351 scri·

233 2367 240 2385 '
270 2385 272 2390 ·
383 2387 465 2451 ptura
480 2371 544 2431 nihil
562 2376 691 2451 variavi,
703 2374 766 2433 nihil
783 2376 904 2446 mutavi,
920 2373 967 2434 sed
985 2394 1063 2445 eam,
1078 2391 1108 2438 ut
1123 2372 1224 2451 reperi,
1243 2370 1344 2431 sartum

383 2449 485 2512 tedam
500 2454 672 2516 conservavi.
693 2455 848 2527 TURNEB.
865 2453 1016 2516 Distributa
1031 2454 1151 2533 primum
1170 2450 1219 2510 fuit
1236 2454 1300 2512 urbs
1315 2453 1344 2511 ln

424 2553 502 2594 atuor
518 2534 635 2595 urbanas
650 2535 749 2608 tubus,
767 2536 808 2596 Es
824 2536 952 2607 uilinam,
972 2535 1129 2604 Collinam,
1145 2530 1294 2592 Palatinam
1311 2534 1344 2593 dt

382 2550 564 2677 idburanam.
582 2615 634 2675 Pet
649 2637 717 2697 quas
734 2556 824 2677 diffusi
835 2633 912 2677 etant
930 2615 1015 2698 Argei
1033 2635 1081 2696 per
1094 2628 1202 2673 XXVII
1220 2611 1344 2676 sacraria.

382 2692 432 2755 Ab
448 2716 483 2754 eo
501 2694 572 2756 infra
587 2699 614 2755 in
628 2696 708 2757 sacris
733 2697 890 2776 Argeorum
912 2697 1040 2777 scriptum
1062 2693 1255 2765 esl‚PR1MAE
1282 2709 1343 2755 Re·
1361 2762 1364 2774 ,

385 2788 506 2838 uronis
525 2777 1042 2857 outnuunsncnantuu.1taque
1061 2774 1168 2833 viderur
1181 2774 1344 2835 venranico

381 2854 459 2915 aliter
473 2856 591 2921 sensille:
610 2860 637 2917 in
656 2879 712 2939 quo
729 2858 790 2919 sane
808 2875 889 2919 errat.
908 2859 1042 2920 Senum.
1060 2855 1193 2935 Antiqua
1208 2855 1342 2915 editiones

382 2933 499 3011 habent,
513 2939 608 3000 Partes
630 2942 700 3000 urbis
725 2940 783 2999 loca
795 2943 861 3017 fini.
902 2936 944 3000 uie
966 2938 1093 3019 scriptura
1111 2933 1251 2995 manifeste
1272 2936 1343 2994 indi·

382 3035 444 3091 cat,
459 3016 516 3095 hoc,
540 3016 653 3081 loffema
662 3019 848 3080 inducendum
858 2959 923 3093 elile,
932 3021 964 3081 ὃ(
973 3015 1163 3079 assumendum
1176 3034 1211 3074 ex
1219 3014 1344 3092 superio·

380 3096 456 3157 ribus
474 3037 540 3160 illud
551 3099 627 3159 urbis
642 3100 713 3162 loca.
729 3097 817 3159 Porro
832 3102 955 3181 regiones
974 3101 1048 3159 urbis
1058 3144 1068 3172 ‚
1080 3095 1289 3187 eaedempribus
1302 3117 1345 3155 ur·

380 3176 480 3252 banze,
498 3182 527 3237 in
544 3179 621 3239 initio
640 3198 759 3260 quatuor
777 3179 905 3255 fuemnt,
918 3179 1080 3247 Suburana,
1097 3175 1255 3255 Esquilina,
1273 3175 1344 3238 Col·

381 3257 452 3331 lina,
478 3257 622 3321 Palatina:
643 3281 692 3340 per
722 3280 789 3341 quas
809 3260 969 3343 Argeorum
990 3259 1102 3321 sacraria
1125 3255 1244 3319 XXVII
1265 3276 1342 3326 erant

380 3336 530 3417 disposita,
546 3338 641 3401 sedin
661 3340 720 3400 aliis
735 3342 812 3421 plura
834 3343 882 3403 vel
901 3343 1040 3421 pauciora.
1061 3338 1137 3399 Nam
1158 3340 1244 3417 prima
1263 3341 1341 3415 regio

380 3415 504 3479 habebat
527 3418 573 3481 sex
598 3419 729 3495 lactaria,
749 3438 779 3479 ut
800 3422 1016 3503 infrascriptum
1041 3418 1089 3481 est.
1111 3417 1209 3479 Postea
1236 3420 1352 3501 Augu-g

380 3496 437 3559 llus
456 3500 570 3580 spatium
592 3500 667 3561 urbis
685 3503 712 3561 in
735 3500 804 3563 XIV
833 3504 959 3587 regiones
978 3501 1087 3574 divisit,
1106 3498 1291 3578 instituitque,
1311 3518 1342 3561 ut

379 3580 438 3640 illas
454 3584 538 3642 annui
561 3580 747 3663 magistratus,
765 3583 794 3642 id
816 3582 870 3656 est,
892 3584 998 3659 aediles‚
1018 3580 1120 3644 tribuni
1143 3578 1250 3659 plebis,
1267 3599 1342 3658 prae-

378 3658 505 3741 toresque
528 3662 623 3723 sortito
641 3679 797 3729 tuerentur.
816 3665 926 3725 audore
942 3661 1081 3726 Suetonio.
1107 3657 1205 3719 Paulus
1218 3659 1289 3721 liius
1304 3661 1339 3724 de

379 3739 486 3803 Officio
505 3741 624 3826 prefecti
643 3744 772 3826 vigilum:
792 3731 905 3807 Deinde
917 3744 1010 3805 Divus
1029 3738 1172 3822 Augustus
1190 3740 1281 3801 maluit
1292 3763 1339 3821 per

378 3820 407 3881 se
420 3822 480 3884 huic
496 3825 534 3885 rei
548 3823 668 3885 consuli,l
686 3846 751 3884 nam
774 3824 887 3886 salutem
907 3826 1064 3904 reipublicae
1082 3822 1153 3881 tueri
1168 3820 1232 3881 nulli
1250 3823 1339 3963 magis

378 3902 490 3963 credidit
511 3905 679 3977 convenire,
703 3925 754 3965 nec
780 3907 864 3965 alium
880 3908 904 3967 ei
922 3911 957 3967 rei
980 3904 1118 3972 sufficere,
1137 3923 1220 3983 quam
1242 3901 1292 3965 Cae

379 3998 446 4045 tem.
472 3985 562 4067 itaque
582 3985 687 4068 septem
707 3988 834 4049 cohortes
854 3990 1018 4069 opportunis
1040 3988 1109 4048 locis
1132 3982 1288 4061 constituit,
1306 3999 1337 4045 ut
