3209 4967
422 532 466 607 32
754 508 1044 584 norn

421 676 502 755 ticeps
535 675 582 735 tn.
611 670 711 752 Neque
743 674 817 733 enim
851 674 1019 755 primirepfiis
1050 672 1137 748 dixit,
1162 672 1208 733 sed
1233 673 1381 753 primiceps.¹

425 757 560 819 Senum.
579 752 657 815 Idem
680 773 732 832 pro
750 754 880 815 Poetr'linm
894 757 919 813 in
936 756 1027 836 Marg.
1046 755 1128 814 habet
1146 754 1290 814 Petillium.

461 837 507 896 lin.
530 855 573 899 10.
600 834 772 895 Viminalisa
789 836 857 897 Jove
877 837 1011 908 Vintium,
1029 839 1099 916 quod
1113 837 1151 894 ili
1164 858 1216 896 ara
1224 839 1289 917 stine
1304 835 1378 915 ejus,

421 934 470 976 aut
488 918 557 989 qnod
582 916 618 976 ibi
636 916 758 975 vimineta
773 916 913 995 fierunt]
934 914 1025 999 Lego:
1043 916 1156 976 Vimine
1182 936 1248 977 nata
1259 916 1378 995 fiternne.

421 1019 457 1058 ex
473 997 545 1057 libris
561 1011 715 1075 utrumque.
734 998 924 1059 Auuusultt.
939 998 1016 1079 Lego
1032 995 1084 1057 sic:
1101 997 1261 1070 lsrrnr'nalis,
1276 1020 1294 1055 a
1311 996 1378 1057 Jove

423 1079 558 1147 ·Vinrirtio‚
569 1079 683 1157 quodibi
694 1079 889 1159 rraefitnt‚qrri
900 1083 969 1161 quod
979 1080 1017 1136 ili
1031 1078 1132 1137 vimina
1142 1094 1214 1139 neta.
1224 1076 1375 1140 Tutum.

340 1220 343 1226 Δ
463 1159 509 1217 lin.
530 1178 574 1239 19.
594 1158 677 1219 Collis
694 1157 826 1217 Salutaris
845 1159 1017 1239 querticepfos
1037 1162 1169 1238 adversum
1185 1162 1219 1238 est
1231 1161 1291 1236 pila
1308 1161 1376 1219 Na-

420 1238 475 1313 ris,
492 1246 567 1299 ndens
581 1240 716 1317 Salaria]
729 1238 877 1313 Conjicio,
895 1241 928 1301 &
941 1238 1070 1315 lortalle‚
1087 1258 1117 1299 nt
1139 1240 1316 1320 plexumque,
1335 1236 1380 1298 fu·

421 1320 472 1379 tilis
500 1322 529 1381 8(
554 1340 643 1381 vanus
666 1318 783 1379 hariolus
806 1319 881 1381 sum:
903 1323 1039 1395 conjicio,
1062 1322 1193 1399 inquam,
1215 1319 1379 1402 legendum,

422 1402 568 1477 Adverfirm
581 1402 616 1482 est
630 1400 819 1480 Apollinaris,
836 1402 911 1460 aden
926 1402 1047 1463 Salutis:
1064 1418 1094 1461 ut
1110 1401 1280 1480 Apollinaris
1302 1402 1380 1461 collis

422 1481 601 1563 intelligatur,
625 1482 651 1539 in
678 1502 735 1560 quo
760 1482 894 1572 Apollinis
918 1483 990 1542 aedes
1007 1502 1075 1545 erat.
1101 1481 1268 1560 Apollinaris
1296 1483 1380 1541 enam

421 1560 1378 1714 lllllllllll?{ttlllltll'nlslllplllll;

421 1741 453 1783 ut
468 1746 502 1783 eo
514 1724 600 1784 modo
609 1722 680 1783 diua
691 1722 723 1783 stt
740 1724 806 1782 Pila
822 1726 922 1798 Naris,
931 1725 1075 1805 quomodo
1088 1720 1145 1785 Pila
1153 1722 1306 1783 Tiburtina.
1317 1720 1380 1783 'Sed

422 1805 566 1881 quomodo
591 1806 692 1885 reliqua
709 1803 848 1865 cohaerere
867 1823 931 1886 apte
959 1804 1079 1884 poliant,
1099 1803 1152 1883 ipsi
1177 1804 1303 1863 viderint.
1323 1793 1380 1864 Alii

419 1883 487 1943 Pila
503 1887 640 1959 Honoris,
656 1886 698 1945 alii
707 1886 839 1947 lHonorr's
862 1889 956 1957 aden,
973 1888 1080 1961 majore
1099 1885 1289 1968 imprudentia.
1309 1882 1378 1945 Non

289 2004 306 2015 e
333 2022 337 2035 ,
422 1965 517 2040 enim,
531 1966 580 2025 nist
597 1965 694 2038 fallor,
712 1968 845 2045 antiquior
863 1966 911 2027 fuit
925 1966 1047 2028 Honoris
1062 1966 1151 2039 aedes,
1170 1988 1219 2038 ea,
1237 1984 1298 2045 quae
1309 1983 1380 2025 vota

421 2044 487 2107 esta
502 2045 546 2108 Cl.
566 2046 718 2119 Marcello,
737 2046 809 2107 bello
826 2046 954 2121 Gallico,
970 2031 1006 2107 atl
1020 2045 1189 2109 Clastidium.
1207 2047 1271 2107 Alia
1288 2064 1379 2104 autern

421 2146 440 2187 a
454 2124 492 2187 C.
504 2126 597 2187 Matio
607 2146 641 2185 er
655 2124 802 2187 Cimbricis
816 2127 952 2187 manubiis
961 2128 1084 2188 dedicata
1099 2128 1158 2188 fuit.
1173 2126 1297 2187 Tantum
1307 2146 1379 2187 vero

421 2205 511 2279 abest,
520 2224 550 2265 ut
566 2208 667 2267 utravis
676 2208 771 2267 harum
785 2208 830 2267 hic
847 2208 1024 2289 intelligatur,
1033 2229 1064 2269 ut
1077 2207 1135 2268 libri
1147 2207 1306 2289 Argeorum
1320 2228 1379 2267 non

421 2288 514 2347 minus
525 2306 588 2349 ccc
607 2290 684 2347 annis
695 2289 849 2367 praecedant
858 2287 903 2350 Cl.
918 2287 1088 2351 Marcellum.
1103 2286 1158 2349 Sed
1170 2287 1293 2369 profesto
1306 2308 1380 2348 ersa„

423 2382 487 2427 runt
503 2369 622 2441 librarii,
637 2371 684 2449 qui
702 2390 757 2429 non
770 2371 970 2443 meminerunt,
983 2390 1048 2429 cum
1063 2370 1122 2429 haec
1134 2368 1333 2438 exscriberem,
1350 2370 1379 2427 in

420 2450 453 2512 iis
468 2450 553 2510 multa
570 2449 634 2523 elle,
648 2469 709 2531 quae
723 2448 816 2531 postea
831 2470 887 2510 non
904 2448 1012 2514 fuerunt
1025 2453 1052 2509 in
1072 2450 1135 2511 usu:
1153 2469 1257 2529 eiquo
1276 2447 1379 2509 sallum

421 2528 471 2603 est,
486 2544 516 2589 ut
533 2530 668 2596 Pilonoris
686 2546 844 2610 corruptum
858 2530 942 2590 fuerit
962 2552 997 2589 ex
1011 2533 1127 2610 antiquo
1143 2531 1266 2610 genitivo
1283 2530 1380 2605 Apoll·

422 2612 502 2671 neris.
517 2610 558 2673 Ita
575 2612 648 2672 enim
656 2610 803 2705 legendum
815 2610 919 2672 fuerat:
936 2612 1016 2705 Collis
1023 2611 1158 2753 (alutaris
1173 2613 1322 2705 qnarticeps
1330 2611 1381 2705 nd:

421 2691 881 2853 llllltltlss‘lz'tslfd‘cll
897 2689 1381 2854 llllt,'¹l3lttll‚0l2ll

422 2852 476 2928 lis,
491 2853 615 2915 Latiaris.
642 2855 815 2935 Apolineris,
835 2854 882 2914 vel
896 2853 1048 2934 Apelinetis
1063 2898 1072 2926 ,
1091 2856 1206 2933 antiquo
1225 2852 1360 2912 declinato
1369 2899 1381 2926 ,

422 2950 454 2992 nt
472 2934 607 3009 Boveris,
619 2932 728 3006 Sueris,
748 2934 874 3009 juveris,
894 2954 1038 3015 tegetum,
1061 2936 1085 2993 la
1105 2935 1225 3005 iderum,
1241 2952 1382 3004 nuceram.

419 3012 465 3079 Sic
477 3017 549 3096 apud
565 3012 674 3077 Festum
694 3021 752 3077 Nec
766 3019 842 3090 erint,
881 3036 912 3075 ro
928 3018 985 3074 Nec
1002 3037 1068 3078 curn.
1084 2956 1129 3074 iic
1146 3031 1213 3093 puto
1231 3012 1285 3074 Cn.
1304 3013 1381 3072 Mat·

421 3098 489 3156 tium
499 3117 612 3169 vatem,
626 3098 764 3158 utiliorem
784 3036 1012 3168 vetuliffimum,
1029 3116 1064 3155 eo
1080 3093 1216 3153 declinam
1226 3093 1303 3153 usum
1316 3093 1382 3170 elle,

407 3198 487 3237 ¹cum
505 3177 655 3255 praesertim
667 3179 743 3236 aliter
762 3178 790 3237 in
805 3177 964 3234 hexametro
978 3174 1058 3233 versu
1072 3178 1120 3233 vix
1137 3173 1216 3234 facile
1232 3175 1323 3235 lotum
1332 3175 1381 3235 lta·

420 3257 487 3323 here
504 3256 586 3335 poffit
606 3250 708 3317 nomin
723 3257 868 3335 Apollinis.
883 3252 977 3314 Exstat
996 3271 1088 3315 autem
1108 3256 1180 3335 apud
1197 3254 1305 3314 Livium
1320 3276 1383 3315 cara

399 3357 491 3405 tmen
508 3336 595 3410 illud,
613 3336 659 3397 seu
688 3340 859 3410 vaticinam,
881 3334 975 3427 alienis
997 3335 1108 3415 quidem
1128 3338 1234 3408 verbis,
1257 3338 1289 3399 &
1304 3335 1381 3413 quast

422 3414 1381 3579 'iilllllnlllil'jlleilliel'inllitllqillllmll'llill

424 3598 466 3640 tet
479 3579 587 3638 delitias
603 3579 660 3637 illas
677 3579 808 3644 &lucem
827 3578 960 3637 orationis
980 3577 1042 3639 suae.
1066 3578 1134 3637 Non
1155 3596 1248 3636 tamen
1264 3578 1302 3637 ira
1317 3597 1379 3637 tnu-

425 3660 514 3730 tavit,
531 3676 561 3718 ut
574 3658 716 3719 divinandi
731 3659 823 3719 locum
841 3660 961 3718 maxima
981 3679 1014 3718 ex
1036 3677 1112 3737 parte
1134 3676 1192 3715 non
1207 3656 1339 3739 reliquerit
1347 3658 1393 3725 il..

424 3741 469 3885 iii}i
481 3742 534 3883 qus}l
544 3738 682 3828 restituere
695 3741 807 3801 vellent.
826 3738 919 3820 Quae,
933 3737 984 3797 nist
1000 3738 1098 3810 fallor,
1109 3738 1147 3797 ita
1160 3738 1195 3798 ab
1206 3738 1315 3803 autlore
1332 3758 1380 3811 req

371 3878 374 3883 .
470 3844 486 3880 a
535 3838 629 3883 erant:
708 3875 713 3885 .

466 3904 629 3975 Romulida,
638 3902 666 3981 fi
676 3900 818 3982 perduellis
834 3901 957 3983 expellere
978 3900 1082 3971 voltis,

465 3987 505 4045 Et
521 3986 666 4061 vinitam,
683 4004 738 4066 qun
753 3984 866 4067 gentium
889 3983 966 4068 longe
980 3982 1182 4065 alienigenanttn
1202 3997 1204 4002 '

1072 4149 1076 4184 l
