3209 4967
334 567 353 575 ,
448 440 989 579 rurrunuurl.
1197 530 1221 601 9

263 665 310 748 qui
326 664 482 730 auslionenr
505 666 629 733 evicerit.
652 664 724 744 Quo
737 666 765 725 in
781 627 936 747 significanr
955 663 1065 725 Plautus
1088 664 1177 739 dicit,
1196 666 1225 725 lt

263 754 347 821 adme
363 748 477 825 lucrum:
492 748 620 807 nimirum
632 764 662 805 ut
675 750 704 806 in
718 768 753 808 eo
763 745 892 807 consistat
910 748 941 807 &
951 746 1080 827 quiescat.
1087 748 1126 809 Sc
1132 760 1224 809 ALIG.

304 830 352 890 lin.
365 850 412 891 αι.
428 832 470 889 Ur
479 830 546 907 Astu
558 874 567 902 ‚
576 832 617 908 fic
634 829 721 889 coelrrm
738 829 940 890 dicrtrrrmoder's
957 829 1091 907 duchon]
1103 828 1179 888 Narn
1192 828 1226 890 δι

263 911 362 971 caelum
371 910 467 973 dicitur
479 912 537 969 caeli
552 932 614 991 pars
621 909 741 984 summa,
750 911 797 970 ubi
806 908 899 983 stellae,
907 911 938 972 &
950 912 1017 969 aeris
1025 910 1226 990 plaga,tenero
1333 956 1336 961 .

263 1009 365 1060 tertam
382 992 528 1073 complexu
545 994 696 1053 continens.
707 990 744 1053 src
766 990 829 1052 llsra
843 992 941 1051 dicitur
958 1012 1022 1068 pars
1033 992 1111 1051 orbis
1128 1010 1228 1061 terrae,

265 1092 327 1153 quar
337 1094 393 1132 non
413 1071 534 1154 Europa.
546 1071 628 1135 Duas
641 1074 714 1135 eninr
726 1092 833 1133 rantum
845 1073 936 1155 plrtes
943 1073 1033 1133 Varro
1050 1071 1102 1154 (ut
1115 1072 1147 1134 δι
1162 1069 1228 1131 Sal·

262 1154 357 1215 lustius
371 1156 398 1213 in
413 1154 569 1237 Jugurrlra)
579 1157 654 1215 orbis
669 1172 802 1215 terrarum
814 1158 895 1215 novit
905 1202 914 1227 ,
925 1154 1022 1215 Asiam
1034 1152 1226 1234 &Europam
1286 1167 1291 1183 ¹

265 1238 374 1295 namin
395 1234 505 1317 Europa
522 1239 600 1317 pouit
617 1236 752 1297 Africam.
773 1236 928 1297 Dicitur&
943 1234 1009 1294 Asra
1030 1238 1131 1316 prioris
1154 1232 1229 1295 Asrae

263 1337 344 1457 pars,
357 1317 448 1396 inqua
461 1333 518 1377 erat
531 1318 629 1393 jonia,
642 1313 831 1399 &provincia
848 1317 942 1398 populi
955 1317 1042 1377 Rom.
1052 1316 1084 1378 ln
1100 1317 1231 1376 Varrone

264 1400 404 1471 'cribitur‚
423 1398 463 1455 Et
481 1400 596 1473 Cilicia,
608 1398 675 1459 falso
693 1399 899 1480 mendoseque,
918 1419 984 1458 curn
997 1400 1024 1456 in
1035 1399 1079 1458 illa
1099 1395 1230 1459 AsraCi·

245 1532 249 1557 Ι.
266 1478 330 1539 licia
345 1500 401 1539 non
412 1478 482 1547 esset
502 1478 708 1560 comprehensa.
724 1479 785 1543 Cic.
802 1489 855 1561 pro
865 1478 985 1552 Flacco,
1001 1484 1095 1555 Nam,
1118 1498 1149 1539 ur
1166 1478 1232 1558 opi-

267 1581 316 1619 nor
326 1604 336 1630 ,
352 1561 419 1641 Asta
441 1562 521 1641 vestra
541 1563 641 1643 conflat
659 1585 692 1623 ex
710 1562 854 1661 Phrygia,
880 1564 993 1639 Myfia,
1014 1564 1113 1635 Caria,
1129 1560 1234 1639 Lydia.

267 1639 389 1716 Strabo,
412 1640 438 1701 oi
463 1640 499 1702 sl
529 1641 680 1724 ἐπαρχίαν
707 1641 873 1723 unciales»
899 1645 948 1703 riu
977 1642 1103 1725 χώραν,
1127 1641 1232 1701 'Arsai

268 1720 1235 1867 lllslll‘lls‘lss‘lllllflll‘lsulltlfflllllllll

267 1903 376 1965 partem
385 1931 394 1960 ‚
403 1905 464 1966 quae
473 1886 619 1967 respondet
630 1886 770 1968 ‘Europae3
779 1887 865 1949 altero
877 1887 1017 1948 minorem
1029 1886 1142 1961 Asiam,
1150 1904 1236 1965 quam

165 2003 168 2011 ·
269 1968 303 2029 &
320 1988 450 2047 magnam
469 1966 673 2029 Chersonesum
690 1986 799 2029 veteres
818 1970 1007 2050 appellarunt,
1021 1970 1050 2026 in
1074 1989 1130 2048 qua
1148 1966 1236 2026 collo·

270 2063 316 2107 cat
332 2050 477 2129 regiones,
495 2069 565 2129 quas
580 2050 699 2129 populus
714 2049 797 2111 Rom.
815 2050 910 2111 habuit
923 2049 969 2110 vel
987 2053 1025 2110 cis
1045 2047 1190 2122 Taurum,
1204 2061 1237 2107 ut

272 2128 403 2205 Joniam,
419 2130 452 2189 M
478 2127 543 2189 sranr
552 2176 562 2205 ,
571 2128 746 2213 Phrygiam,
761 2130 958 2212 Lydiam‚vel
971 2128 1174 2191 ulrraTaurum
1186 2144 1236 2202 ,ut

273 2208 425 2303 Ciliciam,
451 2151 649 2292 samphyliam
670 2214 701 2273 &
723 2210 850 2293 Lyciam.
875 2210 967 2293 Quod
987 2213 1079 2286 addit,
1097 2210 1237 2290 provincia

271 2292 358 2371 nostra
370 2292 486 2363 Cilicia,
498 2292 526 2351 id
543 2293 689 2367 nonnullos
699 2295 726 2351 iu
742 2315 805 2355 eam
818 2296 981 2373 opinionem
996 2294 1126 2364 adduxit,
1140 2308 1171 2351 ut
1185 2312 1239 2372 pu·

272 2388 381 2448 tarent,
395 2369 546 2434 Varronem
556 2374 696 2435 consulem
708 2374 795 2447 suille,
812 2377 844 2437 &
858 2378 1032 2456 provinciam
1044 2373 1124 2433 islarn
1138 2371 1239 2433 consu·

271 2454 357 2513 larem
375 2453 518 2515 obtinuisse
536 2454 708 2536 proconsule.
724 2453 780 2515 Sed
801 2477 892 2537 neque
915 2458 943 2516 iu
960 2455 1034 2517 fastis
1056 2455 1240 2535 Capitolinis,

273 2556 365 2614 neque
380 2536 519 2614 apudscri
540 2554 613 2597 tores
626 2536 746 2597 historiae
758 2538 843 2598 Rom.
856 2538 928 2612 ulla,
944 2537 1022 2618 quod
1038 2538 1139 2607 sciam,
1158 2556 1240 2595 men·

272 2616 314 2674 tio
333 2615 420 2676 exstat
436 2616 480 2676 M.
531 2620 635 2677 arronis
652 2616 783 2679 consulis.
808 2618 904 2699 ltaque
922 2619 1093 2679 verisimilius
1106 2616 1176 2676 milri
1194 2618 1242 2675 vi·

273 2696 355 2756 detur
365 2742 375 2769 ,
385 2698 412 2756 in
427 2696 524 2759 Cilicia
537 2697 614 2760 suille
632 2714 823 2780 propraetore,
841 2699 916 2782 (hoc
937 2702 1009 2769 euim
1023 2701 1137 2796 nomipe
1153 2712 1242 2758 extra·

272 2776 409 2837 ordinaria
427 2800 539 2861 quoque
556 2781 670 2860 imperia
686 2781 876 2857 ornabantur)
894 2802 958 2840 cunr
972 2779 1097 2841 classibus
1112 2778 1241 2863 Pompeii

270 2858 474 2999 pirapkoffilo
490 2859 626 3001 praesset:
645 2861 673 2923 id
686 2861 761 2943 quod
781 2862 916 2943 colligitur
934 2882 969 2923 ex
987 2864 1068 2923 initio
1084 2860 1146 2937 lilpri
1169 2859 1243 2929 tertii

258 2966 260 2973 ’
295 2959 310 2999 e
352 2960 397 2999 el·
441 2954 494 3002 [α’
516 2956 624 3005 ΟΡΜΑ.
1111 2958 1114 2963 ’

313 3020 361 3081 lin.
376 3020 426 3081 28.
448 3022 544 3084 Caelum
565 3021 733 3105 memorant]
751 3023 802 3084 Ma
835 3070 843 3084 .
866 3020 938 3085 Scal.
960 3046 1054 3085 cauum
1074 3023 1163 3083 culum
1181 3022 1241 3083 διε.

313 3102 359 3163 lin.
380 3122 427 3185 29.
444 3104 581 3165 Lucretius
599 3108 705 3185 ficorum
723 3105 803 3187 δια]
836 3122 864 3165 ta
878 3107 982 3165 liabent
1000 3126 1101 3166 omnes
1124 3104 1194 3164 libri.
1209 3105 1246 3165 &
1349 3156 1353 3167 .

277 3199 376 3264 putant
394 3184 467 3245 docli
483 3187 556 3261 viri,
566 3185 723 3247 Lucretium
734 3206 832 3267 praerer
842 3186 889 3248 serr
902 3188 987 3248 libros
1000 3188 1035 3247 de
1052 3186 1158 3248 Rerum
1166 3199 1247 3244 natu·

215 3336 218 3350 Ι
273 3286 325 3337 ra,
338 3264 385 3345 qui
401 3264 502 3325 suntin
517 3267 800 3349 manibus‚scripsrlle
813 3290 884 3349 opus
893 3265 1047 3332 Causarum
1057 3267 1240 3329 naturalium:
1337 3303 1339 3311 ι

273 3346 357 3427 idque
371 3344 508 3407 Ovidium
531 3350 643 3409 innuere
661 3350 708 3411 lib.
723 3372 740 3409 2
759 3348 843 3411 Trist.

319 3427 451 3507 Explicat
466 3427 494 3486 se
515 3429 611 3508 caustis
625 3432 711 3509 rapidi
730 3432 866 3493 Lucretius
883 3432 974 3513 ignis,
1017 3492 1021 3496 .
1081 3423 1085 3435 ¹

359 3510 549 3594 causarumque
564 3512 662 3591 triplex
678 3514 840 3573 vaticinatur
856 3533 934 3592 opus.

275 3584 330 3647 Sed
350 3586 474 3650 Ovidius
495 3592 569 3652 haud
590 3592 672 3653 dubie
689 3591 807 3673 respexit
823 3594 920 3655 versus
942 3592 1063 3656 Lucretii
1080 3592 1116 3657 de
1138 3590 1244 3655 confla·

277 3669 404 3749 gratiore
418 3672 531 3745 mundi,
548 3674 595 3755 qui
613 3672 718 3733 suntin
736 3674 806 3735 libro
823 3694 858 3757 5:

317 3748 454 3829 Principio
468 3755 567 3827 maria,
584 3776 617 3815 ac
630 3773 727 3829 terras,
744 3756 884 3837 culmique
899 3777 977 3818 ruere.

316 3830 424 3891 Harum
437 3850 558 3893 naturam
576 3836 722 3916 triplicem,
736 3838 789 3899 tria
810 3859 938 3917 corpora,
952 3838 1083 3916 Memmi,

280 3935 283 3939 ·
319 3911 385 3970 Tris
394 3912 496 3993 fpecies
510 3934 565 3974 ram
579 3916 726 3993 disfimiles,
743 3919 796 3979 uia
812 3919 882 3980 ralia
898 3938 992 3995 rexra,

319 3994 386 4055 Una
404 3994 463 4055 dier
479 3996 555 4057 dabir
571 4000 665 4061 exitio.
