3209 4967
356 502 407 567 ἠ’
700 491 994 571 NOTAE

357 645 536 713 Troadibus:
553 650 600 711 ubi
620 631 740 715 cadaver
759 654 937 736 Astyanadis
955 656 1036 735 pueri
1055 656 1142 717 lorum
1160 656 1280 721 defertur
1296 659 1327 721 in

357 731 463 814 clypeo
476 731 676 814 aTalthybio‚
691 738 768 795 cuius
782 738 843 797 haec
858 737 947 797 verba
961 739 1035 817 apud
1053 738 1141 820 ipsum
1151 739 1328 823 Euripidem:

393 813 521 875 ‘monce
538 819 642 896 νεκρὸν,
663 814 839 892 κᾲπέλουσα
854 817 1024 899 τραύματα.

357 892 530 971 scripserunt
546 915 640 959 autem
661 897 874 975 Andromedam
896 918 951 961 tres
971 900 1069 961 summi
1091 918 1182 982 poetae
1201 919 1328 966 veteres:

357 975 458 1039 Livius
474 976 675 1055 Andronicus,
696 976 934 1052 Ennius‚Attius.
950 981 1061 1044 Tamen
1076 983 1170 1046 Artius
1186 1006 1249 1045 raro
1263 1007 1329 1047 ver·

357 1058 391 1117 tit
407 1057 526 1139 integras
548 1061 654 1123 fabulas
676 1083 711 1122 ex
730 1063 870 1123 veteribus
894 1058 1022 1139 Graecis,
1042 1064 1090 1125 sed
1109 1066 1144 1125 de
1167 1064 1216 1125 suo
1231 1066 1331 1129 edidit:

356 1137 534 1218 Argumemo
553 1142 610 1217 est,
622 1144 699 1224 quod
716 1144 871 1204 Armorum
887 1142 1021 1225 judicium
1036 1145 1137 1227 scripsit
1155 1146 1217 1227 post
1238 1146 1329 1207 Pacu·

355 1220 456 1361 ΕΞ,
469 1224 517 1304 qui
529 1228 590 1367 ejpp
605 1226 726 1322 nominis
741 1226 856 1365 alteEram
872 1226 1060 1367 {iffisthylos
1069 1229 1330 1369 vertitTitlemhMe-

312 1359 315 1364 ,
450 1349 460 1376 ,
584 1329 631 1367 nni
686 1329 717 1367 m
735 1328 771 1367 ex
810 1327 916 1367 urire
938 1329 1118 1370 converam:
1202 1330 1217 1369 e
1259 1330 1305 1368 um

382 1383 424 1444 ost
440 1306 537 1465 illdimd}
552 1328 686 1470 quamaii
700 1387 830 1470 Euripide
853 1329 966 1470 duoque
982 1392 1054 1451 idern
1070 1332 1347 1469 Enniprsemdruatudr

350 1402 465 1534 dierat:
483 1468 516 1529 &
531 1472 632 1531 multas
649 1470 722 1531 alias.
740 1469 822 1531 lic&
841 1470 1053 1533 Andromedam
1074 1488 1143 1552 puto
1159 1494 1193 1532 ex
1208 1470 1276 1531 illius
1289 1473 1329 1529 in-

348 1537 495 1610 'venrione
512 1550 587 1627 elle,
602 1572 662 1613 non
678 1572 772 1614 aurern
785 1572 822 1613 ex
837 1552 930 1635 aliquo
944 1569 1027 1633 poeta
1043 1550 1157 1614 Graeco.
1173 1553 1248 1614 Livii
1258 1572 1331 1613 vero

357 1626 544 1694 Andromeda
556 1636 647 1715 potuit
661 1631 715 1711 elle
731 1636 803 1695 inte·
826 1648 910 1693 rerara
923 1654 958 1693 ex
967 1634 1117 1713 Sophocle.
1129 1633 1237 1697 Citamr
1251 1634 1329 1693 enim

354 1708 399 1767 ille
416 1727 500 1791 poeta
519 1715 548 1773 in
565 1715 749 1777 Andromeda
762 1738 781 1777 a
796 1653 906 1777 liolluce
925 1714 975 1778 lib.
999 1716 1049 1792 X,
1066 1716 1133 1776 item
1160 1714 1330 1797 Hesychio‚

355 1810 432 1851 ¹voce
446 1792 572 1878 nuperae.
591 1798 728 1861 Sermo.
769 1864 773 1876 f

401 1881 450 1944 lin.
470 1904 517 1947 12.
536 1891 589 1949 Ad
603 1889 806 1968 cavationem]
827 1885 921 1969 Marg.
938 1884 1035 1969 Scalig.
1050 1886 1185 1949 rationem.

365 2010 369 2015 ·
398 1974 447 2047 lin.
472 1997 518 2060 13.
541 1983 632 2061 Quart
645 2000 675 2040 ur
688 2003 707 2039 a
724 2003 793 2041 cano
811 2000 913 2051 cavea,
928 1978 956 2037 fn
969 1979 1088 2059 caule]
1106 2000 1188 2039 cauea
1202 1978 1332 2055 denudo,

357 2074 417 2115 non
430 2078 516 2121 nemo
534 2062 678 2123 emendata
690 2064 882 2125 AUGUSTIN.
898 2060 1065 2123 Particulam
1079 2064 1108 2119 u't
1124 2077 1193 2141 puto
1211 2074 1335 2139 vacare:

359 2136 394 2199 &
410 2138 448 2197 ita
461 2141 626 2223 legendum:
641 2146 732 2223 Quare
747 2166 766 2203 a
786 2164 854 2204 cavo
867 2164 969 2215 cavea,
984 2144 1011 2204 ἃ
1026 2143 1129 2215 cautu,
1144 2143 1171 2203 (r
1183 2142 1332 2218 convallis,

361 2237 462 2281 cavata
480 2223 624 2300 vallis,&
639 2226 804 2285 cavaedium.-
826 2240 963 2283 utranam
979 2226 1017 2302 fit
1037 2240 1137 2295 orrum,
1154 2226 1221 2281 unde
1245 2224 1332 2284 omnia

359 2303 437 2379 apud
452 2304 597 2382 Hesiodum
611 2328 630 2365 a
646 2308 732 2368 cado:
755 2328 774 2365 a
791 2325 876 2379 cavo,
891 2305 990 2365 culum.
1009 2306 1102 2366 Cavile
1117 2303 1251 2366 mendose
1272 2326 1333 2364 ma-

357 2380 457 2443 nifesto
471 2407 523 2464 pro
536 2388 631 2449 caulae.
646 2386 731 2449 Error
748 2409 783 2449 ex
798 2386 885 2448 veteri
898 2384 1039 2467 scriptura.
1054 2384 1130 2445 Nam
1147 2384 1250 2446 Caullae
1267 2386 1336 2445 scri-¹

257 2490 261 2499 ·
358 2478 439 2542 pnrm
456 2464 507 2527 fuit
526 2467 628 2550 duplici
643 2469 669 2542 l,
681 2484 713 2528 ut
728 2468 846 2529 Paullus.
863 2466 931 2528 Inde
948 2467 1070 2529 fecerunt
1087 2466 1197 2529 Cavile.
1223 2464 1334 2526 Varro-

284 2616 289 2623 .
359 2543 389 2605 ni
410 2542 512 2624 ἔτυμον
535 2550 596 2613 caeli
613 2574 631 2611 a
647 2549 735 2613 Cavo
748 2549 898 2610 deducenti
915 2548 1092 2630 adstipulatur
1110 2547 1272 2619 Lucretius,
1287 2548 1335 2629 qui

359 2622 428 2687 dixit
446 2631 547 2691 caulas
564 2634 672 2695 arleris.
691 2632 832 2694 Scene.

400 2721 448 2785 lin.
469 2744 515 2800 14.
532 2727 690 2801 convallia,
707 2744 808 2788 cavata
823 2723 941 2803 natue]
959 2720 1104 2783 Postrema
1116 2722 1173 2782 duo
1190 2722 1279 2783 verba
1291 2721 1337 2783 su·
1443 2759 1445 2763 ·

360 2802 454 2881 spicor
466 2805 522 2867 effe
535 2806 685 2890 glollema‚
699 2828 783 2890 quare
797 2804 938 2869 censerem
949 2804 1104 2865 inducenda
1120 2800 1185 2865 effe.
1198 2804 1337 2870 ScALle

360 2883 538 2965 legendum,
559 2890 716 2964 convallis,
731 2888 892 2961 conatast
912 2907 1025 2960 canum,
1044 2886 1138 2960 ejediis
1154 2884 1331 2965 glollematis.

361 2966 478 3028 cavum
502 2969 576 3032 idem
595 2970 722 3033 Covum,
741 2972 778 3031 ab
798 2991 834 3031 eo
856 2966 981 3028 Varroni
1008 2966 1126 3037 Cavea,
1158 2964 1281 3037 Caullae‚
1301 2966 1335 3025 δι

361 3048 526 3126 convallis,
540 3051 619 3135 quast
632 3072 705 3113 cava
721 3050 811 3113 vallis.
831 3048 922 3108 infra:
941 3045 998 3107 Sub
1014 3048 1083 3127 jugo
1094 3044 1188 3103 medio
1207 3044 1336 3121 Covum,

362 3151 421 3206 quo
438 3130 508 3202 bura
524 3149 650 3193 extrema
665 3134 758 3193 addita
777 3128 919 3211 oppiletur
930 3172 940 3203 ,
952 3146 1072 3187 vocatur
1088 3124 1231 3187 Covuma
1249 3148 1334 3191 cavo.

363 3210 475 3274 Festus:
495 3214 593 3274 Colum
616 3214 719 3286 Ionon,
733 3234 784 3293 quo
807 3228 873 3270 terno
888 3207 960 3269 buris
982 3227 1039 3267 cum
1050 3205 1117 3287 jugo
1136 3207 1298 3287 colligatur,
1315 3230 1335 3266 a

362 3293 506 3357 cohibendo
522 3293 624 3357 dium.
643 3292 757 3355 Cohum
779 3306 871 3373 poetae
885 3288 983 3350 caelnm
1006 3288 1134 3350 dixerunt
1151 3288 1287 3365 achaos,
1301 3310 1337 3352 ex

362 3395 424 3459 ¹quo
440 3373 574 3457 putabant
594 3375 693 3435 caelum
712 3373 767 3437 elle
781 3370 942 3433 formarum.
960 3368 1080 3433 Ennius:
1127 3450 1130 3457 Ι

448 3504 454 3517 ·
570 3503 693 3519 ——-
711 3469 784 3528 ,ilum
799 3468 850 3531 vix

406 3551 458 3611 Sol
470 3551 583 3615 ndum
607 3491 730 3635 conpleie
742 3552 834 3613 roduin
854 3550 991 3610 terroribus
1005 3548 1072 3611 celi.
1089 3547 1221 3611 ΡοΡΜΑὲ

407 3648 468 3709 ead.
484 3648 526 3709 Et
539 3669 630 3709 cavere
643 3644 796 3725 cautione]
814 3643 861 3707 Al.
885 3663 989 3704 cavate
1010 3644 1152 3707 cantione.
1173 3641 1240 3705 Scio
1259 3642 1336 3725 apud

365 3745 475 3791 veteres
495 3727 674 3792 Cavirionem
693 3726 798 3789 dierum
819 3747 870 3807 pro
892 3728 1038 3788 cautione:
1063 3724 1095 3788 &
1120 3722 1267 3805 ita'pollet
1295 3726 1333 3785 le-

235 3871 239 3880 ,
364 3813 415 3951 pi,
435 3814 531 3875 caven
543 3811 696 3872 cavirione:
718 3827 749 3871 ut
763 3809 792 3869 id
809 3828 867 3869 non
886 3807 978 3889 inepte
1003 3806 1090 3869 videri
1108 3804 1197 3889 pollet
1216 3805 1338 3885 usurpari

289 3938 294 3945 .
379 3892 473 3953 olirum
495 3894 526 3954 in
542 3890 675 3955 formulis.
692 3890 734 3953 At
754 3909 817 3973 quae
834 3891 908 3949 ratio
927 3887 986 3963 est,
1006 3905 1036 3950 ut
1054 3909 1154 3949 cavere
1172 3895 1276 3949 aca'vo
1290 3884 1341 3944 de-

360 3972 478 4039 ducliun
498 3972 551 4041 lit?
574 3972 697 4041 Ponalle
713 3995 749 4037 ex
767 3973 811 4036 his
841 3971 948 4034 duabus
974 3970 1094 4057 uocibus
1121 3968 1278 4034 faciendum
1294 3986 1343 4035 w.
