3209 4967
432 514 976 630 uuiruuumru
1070 578 1074 587 .
1146 545 1214 629 w,

274 686 321 749 lin.
340 684 386 761 28,
406 646 527 747 Funduia
542 709 560 746 a
572 686 674 767 fundo,
694 688 765 766 quod
780 686 881 745 exitum
901 708 956 746 non
975 687 1074 761 itabat,
1086 710 1119 747 ac
1130 711 1195 768 per-

233 768 308 828 vium
327 791 379 828 non
396 770 456 849 esi]
476 766 661 841 Graecismus,
678 766 740 832 ‘intr
761 759 811 829 utin
828 766 920 847 ἐξιτίι.
939 767 1126 853 Alii,1’ervia
1141 792 1196 831 nun

233 852 286 931 est:
300 850 346 910 sed
360 870 419 911 non
437 848 549 911 allecuti
565 850 624 913 sunt
639 851 755 911 modum
769 849 907 931 loquendi.
925 848 1058 913 Scauro.

602 970 724 1065 Pagina
767 994 824 1059 41.
914 1017 918 1019 ἡ

274 1074 322 1137 lin.
343 1094 367 1157 5.
384 1076 600 1139 Maximinis:
613 1110 648 1125 -
659 1080 725 1159 ostia
738 1074 893 1159 hortorum]
907 1076 983 1141 Cum
996 1078 1035 1150 ait
1047 1080 1197 1143 macellaris
1323 1109 1325 1114 ·

233 1156 376 1232 hortorum,
396 1158 504 1242 bipes,
521 1160 549 1219 id
573 1158 632 1233 est,
649 1160 806 1241 januar&
822 1159 917 1240 fines,
937 1158 1072 1220 subaudiri
1095 1161 1197 1223 debere

234 1238 378 1310 existimo:
399 1262 462 1301 cum
471 1240 639 1319 μακέλλους
650 1244 702 1319 ait,
717 1263 753 1305 eo
765 1244 877 1302 nomine
880 1240 969 1323 septa,
981 1242 1093 1322 claustra
1102 1243 1133 1302 &
1141 1265 1197 1303 mir·

235 1322 349 1379 nimenta
362 1321 492 1405 intelligit.
505 1320 659 1385 TURNEB.
1187 1382 1190 1389 .

196 1460 201 1479 ,
274 1403 320 1461 lin.
341 1405 369 1465 6.
391 1402 595 1546 Matrimonii]
609 1407 767 1481 Minima,
787 1408 830 1465 rb
846 1398 1000 1483 ipsuum
1016 1403 1066 1466 nui
1087 1424 1199 1488 φςωγε
1283 1414 1288 1432 “

232 1481 307 1563 pris
330 1482 547 1623 interpretantur.

597 1486 650 1547 nde
664 1488 782 1548 maceria.
801 1484 935 1549 Sermo.

272 1563 332 1658 ead.
347 1566 379 1627 δι
402 1586 429 1645 q.
441 1566 586 1652 Secundum
605 1568 717 1637 Tiberim
726 1570 764 1627 ad
778 1566 912 1707 Juniunrp]
925 1567 1094 1661 Ventanius,
1103 1570 1141 1627 ad
1148 1567 1199 1628 Ju-

235 1666 353 1739 nonium.
365 1646 420 1741 Sed
434 1646 649 1787 seualle-nepue
667 1649 761 1743 Varro
776 1650 812 1710 de
825 1650 872 1708 illo
900 1666 952 1707 oro
966 1647 1108 1741 intelligit,
1119 1649 1197 1742 quod

235 1729 776 1873 “iiioifiililirllilia’ni‘lsdelli}
788 1728 1199 1871 illil‘lffll‘lssr
1219 1758 1224 1771 ’

235 1828 356 1949 diebant.
375 1890 451 1951 Nam
472 1832 550 1969 quid
569 1892 636 1951 dixit
659 1832 803 1967 siendum
823 1888 954 1965 Tiberini,
967 1889 995 1949 id
1003 1828 1089 1962 gvalet
1098 1832 1198 1963 ,pultla

232 1966 378 2033 Tiberim:
397 1989 426 2031 ut
446 1971 508 2031 alibi
533 1970 639 2031 Fanum
654 1972 893 2035 FortisFottunae
907 1971 948 2031 ait
967 1968 1021 2031 effe
1044 1970 1196 2033 secundum

234 2052 381 2128 Tiberim,
399 2052 476 2133 quod
497 2055 522 2111 in
545 2051 749 2115 Transtiberina
778 2056 890 2135 regione
916 2050 993 2112 fuiffe
1015 2053 1123 2112 'certum
1147 2053 1195 2115 est.

236 2132 422 2213 Quamquam
441 2152 499 2193 non
513 2150 580 2215 puto
594 2138 726 2209 omnino,
741 2135 889 2195 secundum
909 2131 1051 2211 Tiberim,
1064 2132 1117 2195 elle
1129 2135 1198 2195 ultra
1216 2175 1219 2182 ι

106 2266 111 2274 .
232 2194 380 2288 Tiberim,
396 2212 442 2274 sed
462 2216 497 2274 ad
514 2218 586 2297 ripas
598 2214 716 2278 Tiberis.
734 2237 824 2297 neque
842 2216 946 2291 Janus,
963 2214 1050 2295 vulgo
1061 2215 1198 2288 Junonius

233 2296 396 2370 dicebatur,
417 2294 465 2377 sed
486 2314 593 2357 tantum
610 2299 645 2357 in
662 2296 844 2359 Pontificalib.
869 2298 1090 2379 indigitamentis.
1105 2297 1198 2377 Quod
1241 2328 1245 2331 >

233 2377 256 2438 st
269 2376 361 2437 Varro
376 2376 504 2438 intellexit
519 2380 555 2439 de
574 2400 627 2454 eo,
642 2380 719 2459 quod
736 2395 793 2441 erat
806 2382 834 2437 in
851 2376 973 2439 Palatina
992 2377 1121 2458 regione,
1142 2398 1197 2461 ego

232 2458 364 2539 legerim,
384 2462 423 2518 ad
439 2459 568 2535 lanium,
588 2477 617 2519 ut
635 2462 779 2534 Dianium,
796 2458 968 2520 Minervium.
982 2457 1065 2535 Quid
1079 2460 1197 2540 quod&

191 2546 193 2551 '
233 2560 313 2599 trans·
325 2538 453 2603 Tiberim
473 2545 502 2603 in
519 2562 551 2601 ea
565 2560 640 2621 parte
658 2543 734 2603 urbis
751 2558 810 2603 etat
827 2542 913 2601 etiam
933 2560 980 2598 ara
994 2536 1077 2611 Jani?
1099 2538 1199 2617 Quare

255 2644 304 2693 ro,
320 2625 358 2680 nd
379 2624 508 2693 lunium,
524 2642 578 2705 ego
601 2640 669 2703 puto
687 2622 853 2705 legendum,
870 2624 908 2681 ad
925 2621 1045 2681 lanium.
1060 2617 1195 2684 ScALIG.
1233 2667 1238 2682 .

153 2711 155 2717 '
232 2644 324 2764 ibren
345 2704 397 2763 viti
413 2722 508 2786 putant
527 2704 674 2786 legendum
689 2708 727 2763 ad
743 2705 871 2775 lanium,
889 2699 966 2781 quod
981 2699 1043 2773 Jani
1064 2703 1198 2781 templum

235 2784 283 2843 vel
293 2804 339 2842 ara
355 2784 434 2846 fuerit
452 2789 480 2845 in
495 2780 706 2857 Transtiberina
719 2787 831 2869 regione
842 2807 850 2847 ε
861 2803 926 2842 cum
937 2798 1029 2841 tamen
1043 2777 1073 2841 P.
1088 2781 1197 2845 viuor.

233 2885 299 2923 tum
321 2864 384 2925 foro
406 2867 536 2927 Piscario'
549 2864 642 2947 jungat
658 2864 749 2925 fotuns
770 2863 937 2944 Cupedinis,
955 2862 1031 2943 quod
1054 2884 1112 2923 non
1129 2865 1201 2925 ultra

234 2935 378 3016 Tiberim,
397 2948 444 3009 sed
466 2949 502 3010 ad
527 2948 547 3003 ri
569 2968 597 3005 as
619 2944 732 3007 Tiberis
748 2945 825 3007 fitilla
848 2942 962 3005 constat.
989 2942 1053 3024 Ego
1065 2946 1201 3017 arbitror,
1287 2972 1292 2980 ·

233 3024 327 3087 locum
345 3048 503 3111 corruptum
525 2968 596 3099 elle,
612 3048 667 3108 qua
681 3048 698 3085 a
711 3028 847 3097 ledlione,
861 3035 943 3106 quaa
958 3023 1148 3099 distinilione,
1160 3044 1202 3089 at.

234 3127 290 3187 que
306 3112 345 3169 ita
361 3110 575 3172 restituendum:
595 3110 741 3170 Secundum
767 3110 875 3167 Tiberim
893 3106 1009 3166 altilium
1017 3103 1125 3186 ferrum,
1145 3107 1202 3165 Pi·

230 3190 348 3267 Jian‘unr
362 3213 469 3253 uocant.
487 3190 586 3271 Quam
606 3190 752 3251 leilionem
767 3187 915 3251 confirmat
929 3185 1115 3247 testimonium
1123 3186 1202 3249 Plau&

235 3272 264 3333 ti.
281 3268 374 3353 Origo
392 3274 484 3333 mendi
498 3295 532 3333 ex
549 3270 681 3351 affinitate
697 3273 833 3333 literarum
851 3268 883 3331 D
898 3271 930 3331 ὃ(
944 3266 988 3340 L,
1005 3269 1136 3329 adsiduum
1149 3291 1202 3352 pto

234 3352 358 3415 altilium.
380 3354 512 3421 POPMA·
589 3421 593 3429 ,
833 3371 837 3386 ’

274 3432 320 3496 lin.
346 3433 375 3509 Ι8.
403 3439 453 3497 Aa
471 3451 574 3499 cornera
588 3432 679 3513 sorum
697 3433 853 3514 cupidinis,
873 3456 891 3493 a
915 3428 1061 3511 crurib]
1084 3430 1117 3493 ln
1145 3432 1204 3493 elti-

236 3516 377 3597 togtapho
394 3520 530 3595 reperior
538 3513 666 3595 fastidio,
688 3516 766 3595 quod
780 3512 996 3589 afastidiosrs&
1010 3512 1132 3574 delicatis
1150 3533 1204 3573 et-

237 3615 366 3675 petuntur
383 3597 492 3659 lautitiae
514 3599 642 3675 ciborum
664 3598 702 3660 δι,
714 3597 847 3675 cupediae.
864 3597 992 3675 Cupedinis
1007 3612 1100 3654 tamen
1115 3593 1205 3673 magis

237 3678 388 3758 probatur,
402 3700 418 3738 a
432 3697 489 3759 quo
498 3678 665 3759 appellatum
684 3675 715 3737 fit
730 3678 793 3736 illud
809 3677 921 3749 forum,
939 3678 986 3758 qui
1000 3677 1028 3733 in
1041 3675 1113 3734 libro
1129 3674 1204 3733 Var-

237 3760 312 3821 tonis
336 3778 425 3824 rerum
449 3761 646 3833 humanarum,
677 3760 761 3838 Cuper
772 3758 968 3838 appellabatur.
984 3756 1042 3817 lllic
1061 3757 1136 3814 enim
1154 3753 1207 3813 foti

238 3830 437 3921 Cupedinis&
452 3833 561 3901 Macelli
578 3840 769 3920 appellationes
782 3839 878 3899 dubias
898 3838 1025 3897 narrabat
1042 3857 1058 3894 a
1071 3834 1208 3895 Numerio

239 3916 459 4004 Equitio'Cupe,
470 3925 502 3983 δι
520 3923 557 3983 Α.
574 3920 674 3981 Manio
687 3921 809 3982 Macello
825 3920 985 3980 latronibus.
1005 3915 1157 3989 Turum.
1175 3914 1210 3977 In

211 4083 214 4091 Ι
236 4005 294 4070 hoc
311 4024 426 4089 quoque
451 4002 550 4067 lalliuu
571 4004 689 4078 Varro,
709 4018 739 4067 ut
757 4002 792 4065 de
810 4001 942 4154 macelg.
962 3999 1039 4060 Nam
1065 4014 1094 4059 ut
1110 3996 1209 4065 illude
1374 4028 1377 4046 .

455 4113 461 4147 r
568 4104 569 4111 ’
950 4109 970 4155 2
1156 4151 1161 4162 .
1202 4153 1210 4168 .
1237 4149 1257 4181 μ
