3209 4967
427 504 496 583 352
628 492 631 504 '
759 481 1053 556 NOTAE

425 636 481 699 stra
497 638 556 698 illos
574 636 648 711 effe,
686 637 713 696 ui
731 636 885 721 magnificis
904 637 1068 710 <bunnar
1088 634 1233 699 smnmofis
1251 634 1395 715 viliimiss

425 719 463 782 ad
479 721 562 800 impia
586 736 654 779 vota
706 740 770 779 eum
800 719 962 779 sollicitant:
979 720 1011 779 a
1029 739 1128 779 verum
1148 718 1310 781 sacrificium
1333 722 1395 783 effe

425 820 501 881 purae
519 817 602 881 arque
617 800 729 881 integiae
746 803 846 861 menris
861 820 973 880 preces,
995 798 1094 859 effusas
1104 802 1132 857 in
1148 821 1191 859 res
1215 804 1248 860 ὃ(
1264 802 1396 863 necelsa-

424 881 495 953 rias,
519 881 551 942 &
575 880 713 943 honestas.
740 880 832 961 Quod
850 903 918 943 vere
940 902 1036 941 monet
1058 878 1165 942 Seneca
1177 874 1218 940 'ad
1242 882 1395 948 [acilium.

427 961 531 1023 Colitur
550 982 656 1035 aurem,
676 964 779 1044 inquit,
794 984 847 1024 nan
867 981 997 1022 taurorum
1008 963 1103 1041 opimis
1123 964 1273 1043 corporibus
1287 985 1393 1025 rantra·

425 1042 541 1119 cidaris,
559 1044 604 1103 vel
619 1066 684 1107 arara
699 1061 854 1124 argentoque
864 1045 1009 1126 suspensa,
1027 1065 1075 1103 nac
1087 1043 1117 1101 in
1133 1045 1252 1125 thesaura
1260 1046 1327 1125 stipe
1343 1046 1393 1105 in·

420 1123 507 1205 fisa,
517 1124 568 1203 sed
575 1124 737 1204 piabreila
756 1126 898 1186 voluntate.

468 1204 590 1263 Sacram
609 1228 666 1267 cunr
683 1206 713 1262 in
725 1206 813 1285 &c.]
833 1202 962 1265 Fonaffis
986 1204 1111 1286 intelligit
1130 1221 1233 1265 votum
1249 1204 1392 1277 Socratis,

424 1304 492 1345 cum
516 1288 625 1345 vicinus
647 1289 730 1347 morri
755 1286 913 1367 AEiculapio
940 1286 1043 1367 galium
1071 1287 1160 1348 vovit.
1188 1288 1324 1345 Exadiam
1346 1287 1391 1347 est

424 1368 531 1443 exitus,
541 1388 558 1427 a
568 1365 672 1429 Graeco
681 1366 800 1447 ifinlm,
818 1385 848 1427 ur
864 1390 881 1427 a
895 1369 1045 1448 πρόλογος,
1053 1414 1065 1440 ,
1078 1367 1235 1447 prologium
1251 1368 1317 1427 dixit
1328 1366 1392 1429 Pa·

423 1448 533 1509 cavius.
554 1447 646 1507 Utitur
664 1449 757 1510 Varro
776 1449 882 1530 saepius.
898 1446 1045 1509 Suetonius
1058 1451 1087 1508 in
1104 1445 1245 1512 Tiberio:
1263 1451 1339 1510 Nara
1357 1449 1390 1509 in

425 1528 583 1590 Atellanico
599 1530 705 1589 exodio.
721 1529 849 1603 Juvenal
864 1527 921 1591 Sat.
932 1530 969 1593 6:

466 1610 588 1689 Rusticus
608 1612 703 1671 exalia
722 1612 800 1692 rifirm
821 1630 907 1671 maner
927 1610 1070 1673 Atellania.

424 1686 484 1751 Ubi
512 1690 621 1753 Exodia
636 1691 713 1766 sunr,
730 1712 794 1773 quae
818 1713 894 1753 cana
911 1690 1010 1753 labulae
1026 1709 1245 1773 argumentante
1259 1690 1336 1752 scena
1346 1691 1391 1752 di·

424 1768 519 1851 greffis
537 1771 711 1833 histrionibus
727 1773 992 1856 interponebannrr,
1006 1788 1037 1833 ut
1054 1773 1129 1856 apud
1142 1771 1258 1835 Graecos
1270 1771 1391 1855 Satyra,

380 1920 384 1925 .
424 1851 499 1934 apud
514 1852 627 1917 [annos
640 1854 785 1919 Annua.
1004 1858 1009 1868 ’

795 2035 921 2135 Pagina
946 2037 1028 2137 283.

471 2152 655 2230 Hancnnas
683 2182 785 2231 Tuan
814 2166 959 2308 mnam}
987 2149 1083 2243 Hujus¹
1108 2154 1295 2231 invocatinnis
1309 2167 1393 2244 rsus,

339 2264 351 2282 '
423 2268 489 2311 cum
504 2251 586 2309 rebus
601 2248 705 2309 affliffis
724 2250 903 2329 imploramus
916 2248 937 2308 li
956 2270 1002 2309 em
1013 2248 1044 2309 ὃ(
1060 2249 1194 2309 auxilium
1209 2250 1323 2324 alicujus
1337 2270 1393 2329 po·

422 2331 505 2390 tentis
518 2332 554 2393 δι’
567 2329 644 2391 fortis
662 2331 722 2391 viri.
738 2329 874 2391 Hercules
895 2329 971 2391 enim
991 2328 1046 2409 ipse
1063 2329 1105 2388 ille
1129 2328 1228 2403 Deus,
1248 2332 1294 2411 qui
1307 2353 1324 2389 a
1339 2350 1393 2391 ru·

407 2412 512 2473 ¹tando
534 2408 639 2471 Tutani
652 2411 683 2473 δι
697 2432 800 2475 nomen
818 2412 932 2484 habuit,
947 2411 978 2472 δι
997 2428 1120 2471 numen:
1136 2412 1213 2490 quod
1232 2414 1290 2472 haec
1307 2410 1393 2495 Saty.

358 2504 361 2511 ’
422 2490 1094 2656 'finni‘ri0ssssnstgi‘2‘miz&
1120 2492 1391 2656 willa?

424 2654 499 2715 mne.
515 2617 600 2715 nait.
621 2655 650 2715 in
662 2652 775 2718 enen.
869 2660 881 2673 ’
1102 2616 1113 2647 ’
1256 2619 1268 2648 ’

467 2739 554 2796 Tuam
569 2736 667 2812 fidem,
692 2740 784 2796 Venus
796 2735 966 2817 nafflnigila.

422 2815 457 2878 δι
474 2817 503 2875 in
527 2815 685 2879 Comoediis
701 2816 874 2898 frequenter,
900 2818 970 2893 Dii,
988 2818 1099 2897 nostran
1109 2820 1191 2897 fidem
1199 2842 1214 2893 ,·
1229 2819 1280 2891 δι,
1299 2818 1391 2877 Derim

423 2916 502 2979 arque
528 2898 659 2957 hominnm
677 2898 767 2975 fidem.
786 2898 820 2959 ln
835 2919 891 2979 qna
907 2899 1037 2978 loquendi
1057 2897 1146 2980 figura
1171 2897 1248 2959 Fidei
1266 2918 1390 2972 nomen,

423 2998 510 3060 opem
529 2978 561 3041 &
574 2979 704 3039 auxilium
720 2977 891 3061 fignificare,
909 2979 1042 3043 Donatus
1059 2983 1088 3039 in
1112 2980 1248 3041 Andriam
1265 2980 1389 3042 Terentii

422 3076 509 3121 notat·

465 3143 552 3204 Nallu
573 3138 742 3203 Hannibalis
759 3141 841 3223 &c.]
863 3140 939 3205 Cum
952 3142 1095 3203 Hannibal
1112 3140 1149 3200 ad
1162 3142 1260 3201 urbem
1277 3142 1388 3202 exerci-

424 3240 484 3283 tum
497 3222 618 3296 duceret,
633 3224 665 3284 &
679 3244 721 3284 res
734 3223 864 3285 Roniana
878 3226 907 3283 in
921 3223 1030 3283 summo
1044 3222 1200 3283 discrimine
1216 3222 1387 3296 versaretur,

422 3320 536 3381 repente
561 3304 781 3365 terriculamenta
793 3304 919 3385 quaedam
941 3304 1076 3364 noliuma
1090 3304 1129 3363 ita
1149 3303 1224 3363 illum
1241 3301 1389 3363 concuffe·

423 3400 506 3454 runt,
524 3399 555 3443 ut
572 3382 628 3443 sine
648 3407 727 3445 mora
743 3386 808 3445 inde
828 3384 941 3447 cesserit.
964 3384 1035 3463 Qua
1050 3384 1130 3445 causa
1149 3383 1271 3445 Romani
1291 3383 1387 3443 fanum

346 3461 351 3471 '
422 3460 610 3525 exstruxerunt
629 3486 704 3526 extra
724 3484 834 3548 porram
860 3465 1022 3547 Capenam,
1040 3469 1077 3526 ab
1100 3483 1202 3527 eventu
1222 3465 1387 3526 Rediculum

424 3545 599 3625 appellatum.
618 3544 715 3607 Deum
732 3569 818 3621 vero,
835 3549 880 3606 cui
898 3546 1109 3621 consecrarunt,
1123 3568 1141 3607 a
1155 3546 1271 3609 tutando
1293 3544 1387 3606 Tura·

423 3626 642 3688 numdixerunr.
665 3625 775 3701 Festus,
788 3630 821 3689 &
837 3627 938 3688 Plinius
952 3628 1000 3691 lib.
1025 3649 1071 3691 10.

465 3706 531 3767 Hac
545 3726 648 3788 propter
660 3716 784 3788 omnen]
809 3709 872 3769 Hac
893 3725 1022 3791 propter,
1037 3727 1067 3771 ut
1082 3698 1321 3793 Quapropre12&
1331 3706 1389 3769 hoc

423 3803 546 3869 propter.
571 3787 675 3850 Ennius
694 3788 881 3870 Epicharmo:
1008 3823 1013 3834 ·

422 3869 554 4015 Luistinc
570 3890 675 3954 propter
693 3870 815 3955 Iuppiter
827 3872 909 3952 sunt,
929 3894 986 3957 qua
1006 3870 1142 3938 dicerni.

464 3968 580 4016 cretius:
