3209 4967
439 540 862 625 iutrnnvn
912 552 983 627 vt.
1049 636 1050 639 Ὺ
1128 577 1196 653 19,

226 707 269 774 esi
288 708 351 788 iile,
368 729 453 793 quem
472 711 567 772 Gtaeci
587 710 692 774 occidor
709 709 867 791 irreptionis
880 714 1037 789 vocabant,
1056 731 1197 797 quempa·

226 796 368 868 trimum,
398 793 630 875 matrimumque‚
659 795 691 855 &
715 796 850 873 puberem
875 796 1095 876 interpretantur.
1125 796 1197 859 Item

227 875 346 936 ostendit
366 892 447 935 vetus
469 895 599 947 carmen,
622 875 744 935 Hiberna
767 877 891 956 pulvere,
912 898 990 936 verno
1010 879 1065 937 luto
1082 881 1197 959 grandia
1231 922 1237 936 .

221 956 302 1039 sarra
318 955 420 1016 camille
435 974 522 1018 metes.
542 956 635 1035 Quod
647 955 722 1017 Cato
739 956 866 1037 expressit
880 958 922 1017 his
939 961 1050 1034 verbis,
1061 965 1136 1039 Agru
1145 962 1200 1039 fic.

183 1067 188 1079 ·
227 1058 260 1097 co
267 1058 314 1117 per
324 1039 476 1118 sementim,
497 1058 562 1119 agro
580 1039 692 1118 laetoper
706 1060 759 1100 uer.
774 1038 935 1099 Plutarchus
947 1039 975 1097 in
990 1038 1199 1118 Quaesiionibus

227 1115 407 1179 Naturalibus
428 1115 512 1180 simile
527 1118 609 1179 refert
646 1120 823 1181 roverbium:
843 1123 903 1181 Atia
915 1118 947 1181 ai
961 1119 1104 1203 λέγεται,
1122 1120 1200 1186 σῖτον

228 1200 260 1263 ir
272 1199 359 1276 πηλῷ
376 1199 589 1278 <potestatam
601 1141 645 1260 di
653 1198 746 1283 optuitu
755 1201 782 1261 ἐν
799 1199 1006 1279 ›tiven'Nempe
1017 1204 1075 1262 haec
1084 1202 1199 1283 quaesiio

229 1282 370 1363 pendebat
395 1302 430 1341 ert
447 1282 601 1364 superiori,
620 1277 673 1341 itu
689 1281 722 1342 ci
743 1280 922 1365 nepopipcrit
940 1282 1010 1344 nint
1031 1284 1087 1345 itui
1097 1284 1201 1356 deiciat

230 1362 337 1445 χώρα,
354 1362 510 1445 κριῢοφὸρος
531 1361 566 1424 di
578 1364 694 1439 μᾶλλον
710 1358 724 1425 it
742 1362 931 1445 ascriptum
946 1364 1079 1427 Sanm.
1223 1361 1227 1367 “

251 1445 318 1513 μΙίη.
337 1465 357 1525 9
371 1445 411 1526 sq
427 1447 528 1503 Subulo
547 1448 679 1519 finitimas
698 1464 804 1525 propter
820 1448 929 1527 astabat
950 1456 1072 1527 aquarn]
1098 1446 1207 1507 Subulo*

229 1526 299 1586 mihi
321 1524 430 1586 videtur
457 1524 511 1587 esse
530 1546 662 1608 tanquam
678 1526 777 1605 fibiln:
795 1527 942 1607 exponitur
958 1544 974 1585 a
993 1545 1087 1589 vetere
1104 1530 1201 1589 critico

231 1601 370 1669 triantis.
385 1606 537 1671 TURNEB.
552 1606 624 1667 Puto
641 1606 696 1668 esse
716 1628 751 1667 ex
766 1604 896 1668 Sotadico
918 1610 1039 1669 carmine
1051 1610 1139 1671 Ennii.
1149 1608 1202 1671 So·

230 1690 353 1748 tadicum
372 1689 472 1761 iacies,
483 1688 505 1749 st
517 1711 605 1769 aquas
626 1710 713 1769 ponas
729 1690 757 1748 in
775 1688 928 1767 penultimo
948 1690 1020 1750 loco.
1041 1690 1202 1768 Quomodo

230 1769 327 1851 legitur
342 1771 369 1829 in
385 1769 484 1846 Festo,
503 1770 640 1849 estplane
656 1769 812 1829 trochaicus
827 1768 995 1849 septenarius
1013 1770 1200 1833 caralesiicust

230 1852 332 1911 Subulo
350 1854 480 1932 quondam
495 1852 614 1910 marinas
624 1869 730 1932 propter
743 1852 846 1932 astabat
857 1851 967 1931 pingas.
986 1881 1021 1897 ·-
1042 1852 1147 1912 Forsan
1168 1854 1202 1915 &

230 1932 310 2011 apud
322 1931 497 1993 Macrobium
508 1932 665 2014 legendum,
680 1932 768 1991 Vitem
778 1930 952 2010 Planipedt's,
967 1931 994 1991 θ’
999 1933 1139 2012 sctbulonic
1151 1934 1202 1993 im·

227 2015 330 2093 pudica
352 2015 379 2075 ὁ
388 2031 548 2093 praetextcta
566 2014 644 2071 verba
656 2012 792 2095 jacentis:
808 2013 883 2094 qu'od
903 2014 939 2073 ad
951 2014 1047 2073 tibiam
1068 2013 1204 2087 ejusmodi

232 2093 330 2154 versus
349 2094 481 2175 impudici
501 2091 683 2156 funderentur.
702 2093 814 2156 Tamen
835 2093 921 2154 nolim
940 2097 1038 2155 mutari
1056 2088 1202 2157 lesiionem

231 2174 395 2257 vulgatam,
422 2194 482 2257 quae
501 2175 585 2235 habet
600 2175 758 2254 ficbulonir:
778 2175 944 2255 videturque
962 2174 1016 2237 esse
1039 2174 1202 2237 instrumen-

232 2276 295 2317 tum
309 2258 526 2317 citharoedicum.
544 2255 663 2317 Memini
680 2259 755 2317 enim
773 2278 819 2317 me
838 2258 926 2340 legere
944 2258 1018 2338 apud
1034 2256 1201 2336 Apulejum,

231 2336 365 2398 Sabulum
380 2336 434 2399 esse
453 2358 539 2421 genus
556 2340 653 2420 organi
679 2338 795 2412 musici,
814 2336 874 2398 sive
889 2340 953 2399 illud
971 2338 1003 2397 stt
1027 2338 1201 2417 psalterium,
1282 2362 1285 2367 ·

212 2418 295 2479 ssrve
311 2418 425 2493 cithara,
441 2420 499 2481 sive
515 2420 580 2499 quid
596 2419 691 2495 simile,
705 2420 781 2500 quod
802 2416 903 2479 fidibus
916 2419 1083 2489 tenderetur,
1098 2421 1129 2480 δι
1146 2420 1203 2501 ple·

233 2500 294 2559 siro
309 2500 467 2582 pinsetetur.
494 2501 542 2561 Ad
566 2501 631 2560 illud
658 2501 740 2581 igitur
763 2501 808 2559 illa
827 2500 967 2581 impudica
991 2500 1021 2559 ὃ(
1043 2505 1202 2581 praete‘xrata

233 2582 320 2641 verba
342 2584 405 2642 cani
421 2581 497 2641 solita
513 2583 600 2642 innuit
614 2580 797 2658 Macrobius,
820 2580 853 2643 δι’
865 2580 1015 2663 nossupra
1033 2580 1201 2643 ostendimur

233 2684 270 2723 ex
284 2664 417 2723 Varrone
437 2660 494 2724 ’ὄνος
514 2660 624 2744 tripete:

316 2745 357 2802 Et
376 2744 549 2821 orthopallica
568 2742 661 2804 attulit
678 2742 822 2824 psalteria,

314 2826 423 2903 Quibus
440 2826 539 2903 stanam
558 2825 587 2883 in
608 2825 710 2883 Graecia
730 2825 852 2899 diderint,
937 2878 940 2885 .

318 2907 375 2984 Qui
390 2904 545 2985 fariulorum
565 2906 696 2966 collocant
715 2906 843 2979 exordia,

319 2990 362 3048 Ut
381 2985 489 3059 cornici,
509 2986 650 3057 cinaedici,
665 2988 812 3067 scenatict',
832 2988 890 3049 dte.

234 3068 351 3151 'Astabat
360 3115 371 3142 ,
381 3064 449 3128 'non
466 3085 554 3131 mutu
572 3066 682 3131 Tamen
699 3084 807 3149 poterat
821 3068 890 3148 legi,
904 3064 1015 3147 afflabat.
1030 3062 1128 3129 Assare
1143 3063 1205 3129 tihi·

235 3153 312 3211 cines
322 3150 466 3225 dicuntur,
477 3170 541 3209 cum
557 3166 659 3209 canunt
668 3149 753 3223 tibia,
765 3149 838 3209 nulla
848 3150 964 3209 aliorum
975 3172 1049 3211 voce
1066 3151 1209 3223 admixta:¹

236 3228 306 3291 sicut
325 3251 438 3302 contra,
456 3252 553 3290 canere
578 3228 633 3291 assa
653 3251 725 3292 voce
747 3229 891 3304 dicuntur,
915 3234 964 3311 qui
985 3232 1061 3291 nullis
1078 3233 1205 3295 admixtis

236 3311 347 3373 musicis
365 3314 569 3384 instrumentis,
590 3312 646 3373 soia
663 3333 737 3374 voce
753 3328 867 3374 canunt.
887 3312 935 3371 Ab
952 3333 987 3373 eo
1001 3311 1106 3375 Graecis
1120 3313 1207 3392 dano·

238 3394 404 3476 autumni
418 3396 567 3467 dicuntur,
582 3411 612 3454 ut
628 3393 768 3456 Athenaeo
787 3394 831 3455 lib.
856 3414 906 3467 12,
925 3414 988 3453 cum
1009 3410 1115 3455 tanturn
1130 3397 1208 3459 ›tria-

238 3474 367 3557 ρίζουσιν.
379 3477 474 3556 Itaque
488 3496 520 3534 ea
535 3474 694 3535 dicebantur
707 3473 806 3552 ἄφωνοι
821 3472 973 3558 aperirem
983 3476 1131 3550 Pausania,
1142 3494 1206 3557 quat

237 3574 316 3617 erant
333 3557 388 3619 stne
403 3576 486 3617 voce.
504 3554 616 3637 ’opita
633 3554 668 3616 di
682 3553 827 3632 avaritie,
844 3559 948 3639 inquit,
966 3560 1209 3640 ttpoce'vopnnirt'tn·
1291 3621 1293 3630 ,

238 3660 298 3700 cccv
313 3637 565 3720 coaptaremus
579 3637 628 3699 cni
643 3638 700 3700 τῶν
715 3638 881 3719 κρουμάτων
892 3636 951 3700 'riv
967 3638 1094 3714 ἀφώνων,
1103 3640 1139 3698 =id
1158 3637 1208 3716 est,
1327 3707 1335 3717 „

238 3717 371 3779 assotum.
390 3719 457 3779 Non
477 3719 551 3778 enim
572 3719 659 3780 solum
673 3741 731 3780 vox
748 3721 855 3781 dicitur
872 3718 942 3791 assa,
957 3738 1019 3800 quae
1040 3720 1097 3781 sinc
1116 3720 1206 3796 tibiis,

238 3800 287 3861 sed
312 3802 394 3861 etiam
411 3801 481 3859 tibiae
497 3799 574 3873 asiae,
592 3820 652 3881 quac
671 3801 728 3863 fine
744 3821 826 3863 voce.
845 3797 892 3862 Est
907 3820 975 3881 ergo
991 3800 1094 3871 assum,
1108 3801 1209 3877 solum,

240 3902 358 3943 merum.
376 3878 462 3940 Unde
480 3878 564 3939 assare
581 3901 691 3963 quoque
713 3900 823 3945 veteres
840 3900 930 3963 poetae
949 3878 1126 3953 dicebantur,
1141 3900 1207 3943 cum

240 3964 371 4023 inunum
390 3962 476 4023 solum
492 3962 632 4023 hominem
654 3984 754 4044 poema
779 3964 946 4025 condebant.
962 3958 997 4021 Et
1013 3963 1056 4021 illa
1077 3980 1210 4042 poemata
1229 4035 1233 4041 ¹

202 4058 226 4112 ι
242 4044 315 4107 dicta
330 4044 495 4108 assamenta:
509 4060 541 4105 ur
553 4042 592 4105 est
605 4046 727 4109 maxima
744 4066 809 4126 pars
825 4044 961 4107 Silvarum
981 4036 1074 4123 Statii,
1092 4046 1124 4108 &
1139 4045 1208 4107 olim
1270 4122 1271 4129 ἵ

903 4130 983 4201 Na
