3209 4967
419 545 491 622 234
756 519 790 592 N
839 521 875 590 O
923 517 956 589 T
1005 517 1047 590 AE

419 681 467 756 lu,
479 681 543 740 litus
557 677 733 760 pervolgant,
743 676 798 752 est,
817 676 879 738 litus
891 695 1051 758 pererrans,
1069 671 1185 750 obiens,
1197 671 1332 748 lustrans;
1345 689 1378 734 ur

421 761 495 841 apud
514 758 689 821 Lucretium:
1131 772 1133 778 ’

461 841 657 924 Multipltxque
676 835 728 902 loci
740 841 859 921 spatium
877 839 1045 922 transcurrere.
1063 838 1149 900 eodem

462 923 598 1004 Tempore,
617 943 668 1004 quo
686 921 915 1026 celipperuulgunr
929 920 1040 1020 fitlgura
1060 921 1156 981 ceum.

420 1003 634 1162 lupinum,
653 1102 779 1166 tunquam
798 1084 955 1166 lymphata,
968 1083 995 1144 e
1008 1081 1109 1144 Bacchi
1124 1080 1212 1162 saeris

463 1167 655 1241 commma‚in
675 1167 784 1226 tumulis
807 1166 927 1225 Teucrum
948 1183 1147 1224 commemorans
1164 1181 1260 1234 meum,

462 1248 598 1327 Alcyomis
617 1248 672 1306 ritu
691 1248 757 1306 titus
776 1247 935 1328 pervolgant
949 1243 1028 1326 seror.

421 1341 586 1422 Peruolganr
604 1343 693 1420 fidem
715 1341 812 1404 calum.
834 1339 941 1400 Lucret.
964 1337 1073 1400 Fallitur
1099 1337 1237 1400 Adrianus
1259 1335 1382 1411 Junius,

421 1425 468 1503 qui
486 1420 629 1501 pervolans
644 1421 718 1504 legit.
737 1441 799 1502 quae
817 1421 897 1482 lenio
918 1420 1068 1480 Veteranio
1087 1439 1200 1502 quoque
1216 1437 1317 1480 temere
1336 1439 1380 1478 re·

422 1521 504 1584 cepta
517 1500 565 1563 est.
583 1536 618 1549 -
636 1503 722 1564 Feror.
740 1502 906 1582 Apollonius
921 1502 966 1566 lib.
985 1521 1025 1582 4:

586 1617 620 1631 -
643 1581 744 1647 τηλόθι
765 1585 800 1648 d’.
816 1585 858 1646 oin

463 1662 615 1746 nvypoinm
625 1663 815 1728 uerbndrrou
831 1660 884 1746 ‘dp‘
897 1663 1068 1727 ιἰλκυὸνεσσι
1083 1659 1232 1745 φορεῦμαι.
1248 1657 1381 1724 Senum.

463 1757 512 1818 lin.
538 1779 584 1820 21.
607 1758 705 1842 Ritu]
721 1757 817 1834 Ritus,
836 1757 1003 1833 institutum,
1024 1775 1053 1817 ur
1070 1758 1140 1818 inter
1161 1773 1261 1818 reratnr
1278 1757 1381 1816 Varro.

423 1835 538 1900 castum
565 1839 706 1902 vocabant
730 1842 813 1901 eriam
834 1858 960 1914 veteres,
977 1855 1007 1899 ut
1031 1840 1106 1918 apud
1158 1838 1263 1898 onium.
1290 1836 1385 1898 Varro

422 1939 514 1979 retum
534 1921 714 1982 humanarum
731 1922 777 1981 lib.
801 1943 833 1984 1:
850 1920 946 2000 Nostro
963 1922 1095 2060 ritnffsunr
1105 1919 1236 2002 faciunda
1252 1917 1380 1988 ciuilius,

422 2022 501 2079 quam
517 2001 608 2060 Graeco
626 2005 702 2083 cestu.
723 2001 755 2061 ln
778 2001 854 2062 casto
872 2000 979 2064 Cereris
1003 2023 1017 2062 e
1041 2023 1055 2060 e
1073 2001 1251 2070 dicebantur,
1269 1999 1313 2080 qui
1328 1995 1382 2058 Ce-

423 2081 477 2139 reri
490 2081 684 2159 operabantur.
702 2079 817 2143 Festus:
831 2083 967 2142 Minuitur
975 2083 1071 2162 populo
1090 2083 1173 2140 lullus
1184 2126 1193 2153 ‚
1203 2101 1259 2138 cum
1274 2081 1302 2138 in
1316 2080 1383 2157 custo

427 2161 524 2220 Cereris
541 2163 660 2241 constitit.
676 2160 831 2222 Historicus
849 2164 959 2243 quidam
977 2167 1004 2221 in
1022 2151 1193 2226 eoleuaneis
1209 2159 1307 2234 Sudae,
1326 2161 1382 2218 rue

423 2239 459 2301 di
477 2244 652 2323 μητρωιικὶς
667 2245 750 2321 meeis
766 2241 923 2320 Ῥωμαίοις,
942 2243 956 2304 ii
974 2243 1026 2304 uel
1047 2243 1277 2340 npbrepermupb
1298 2237 1382 2320 Φςυξὶ

423 2320 664 2386 emsvuuenn'eee
681 2324 824 2385 nereum
844 2322 970 2385 ἑκάστου
989 2329 1080 2403 puris·
1093 2320 1211 2407 dyneus.
1230 2325 1340 2393 Varro,
1357 2322 1383 2380 fr

423 2403 602 2542 relffionesdr
619 2408 702 2487 castus
719 2408 749 2464 id
760 2403 885 2486 poffiertt‚
901 2425 931 2464 ut
943 2428 977 2464 ex
996 2405 1112 2486 periculo
1132 2407 1243 2484 eripiant
1257 2425 1313 2463 nos.
1330 2402 1383 2462 Hic

424 2505 458 2544 ca
482 2506 530 2560 us,
544 2487 601 2547 rire
624 2484 753 2568 ἁγνείας.
773 2485 851 2568 Ergo
871 2487 897 2546 in
918 2485 992 2547 casto
1009 2487 1118 2548 Cereris
1137 2486 1189 2547 elle
1207 2489 1240 2546 rb
1257 2482 1387 2566 depretiem

424 2563 564 2646 Δήμητρι.
578 2567 798 2644 Aliter‚Puriter
816 2569 905 2628 facere
924 2567 1030 2630 Cereri.
1048 2565 1158 2640 Nonius
1177 2565 1383 2626 Attellanarius:

470 2659 505 2694 -“
526 2653 632 2731 Sequere
649 2672 707 2723 me,
722 2653 822 2730 puriter
839 2649 951 2729 sterias,
975 2649 1053 2709 uodo:
1071 2649 1132 2728 Igm'
1147 2671 1216 2728 aqua
1234 2647 1297 2707 voto
1318 2649 1384 2708 mne

607 2730 766 2812 accipere-
779 2763 816 2778 -

424 2818 490 2880 Hoc
517 2824 667 2896 annotavi,
686 2825 751 2905 quia
773 2824 839 2884 ritus
856 2823 887 2885 dt
903 2821 994 2884 castus
1007 2822 1105 2899 idem,
1126 2825 1178 2886 rite
1206 2824 1239 2886 δι
1259 2820 1332 2883 ealle
1353 2823 1386 2882 rb

371 2947 375 2954 .
427 2898 535 2983 byrris.
555 2903 689 2968 Soluto.

465 2993 512 3055 lin.
530 3013 578 3077 23.
599 2998 754 3059 Duodecim.
768 3005 784 3078 ]
799 2997 891 3080 Marg.
910 2995 1008 3080 Scalig.
1024 2996 1188 3078 Quindecim.
1367 3043 1372 3049 .

416 3078 418 3086 ’
468 3086 516 3148 lin.
534 3105 580 3169 25.
598 3092 672 3150 Rem
684 3089 817 3171 perferetis
832 3091 931 3172 sacreis
956 3093 1015 3149 uult
1036 3092 1151 3172 accipi]
1170 3087 1253 3170 Quid
1270 3088 1389 3169 sidegu-

370 3207 372 3212 ,
428 3188 507 3240 mus,
522 3169 570 3228 rite
583 3169 702 3249 persenis
710 3175 821 3254 ferreis,
837 3177 898 3231 retle
909 3172 966 3241 vult
982 3171 1090 3251 accipi?
1105 3171 1168 3232 Nos
1181 3190 1272 3233 tamen
1286 3170 1343 3232 aliis
1358 3170 1386 3230 id

427 3247 604 3329 judicandum
621 3251 803 3333 relinquimus.
820 3253 976 3316 TURNEB.
996 3249 1038 3312 Ex
1053 3253 1122 3314 Attii
1135 3252 1290 3326 Trachiniis
1308 3249 1386 3314 vide·

427 3344 471 3390 tur
492 3347 645 3412 acceptum.
667 3329 743 3394 Nam
759 3335 839 3416 plane
853 3332 891 3394 est
903 3355 937 3394 ex
954 3333 1017 3394 illo:

468 3403 558 3471 Arielr
577 3410 608 3472 ‹l’
627 3411 742 3489 ἐκεῖνον,
763 3405 823 3476 εὖτ’
842 3413 877 3476 ἂν
898 3413 982 3515 {tyele
1001 3409 1126 3494 θύματα

467 3487 542 3597 Ῥέξῃ
563 3494 688 3575 merpeip
710 3495 771 3576 anl
794 3493 845 3558 mir
865 3495 1019 3568 ἅλωσεως,

373 3578 385 3609 ·’
468 3577 561 3653 &perer
581 3597 618 3648 rm
638 3568 675 3653 ὧς
694 3573 806 3658 ἕξοντι
831 3611 866 3626 -
888 3578 1021 3640 Senum.

373 3682 378 3689 ·
470 3665 518 3726 lin.
540 3686 586 3750 ²9·
606 3670 715 3732 heim.
727 3679 750 3751 J
762 3672 867 3731 Latine.
886 3673 1076 3736 lunusrru.

436 3774 438 3779 ·
470 3757 515 3818 lin.
542 3778 586 3839 30.
612 3761 697 3841 Apud
712 3761 860 3843 Atilium]
883 3762 967 3843 Apud
988 3763 1165 3825 Macrobium
1187 3780 1330 3844 perperam
1349 3760 1386 3820 ei·

429 3853 501 3932 tatur
521 3840 635 3902 Attilius
650 3864 702 3923 pro
722 3841 837 3904 Mattius
857 3844 885 3902 in
904 3845 1082 3906 Mimiambis.
1101 3843 1151 3906 lste
1173 3841 1315 3916 verneil,
1340 3842 1386 3920 qui

431 3939 549 4002 integras
564 3920 668 3985 fabulas
687 3945 721 3985 err
740 3926 827 4005 poetis
845 3923 952 3985 Graecis
974 3931 1061 3987 verrit.
1078 3923 1151 3986 Eum
1166 3921 1282 3987 'Cicero'
1289 3921 1387 3981 durum

432 4017 527 4065 uocat.
543 4003 634 4067 Mirer
649 4024 757 4082 tamen,
777 4026 826 4067 eur
842 4006 886 4068 ille
900 4005 932 4067 sn
950 4027 966 4066 a
981 4006 1112 4069 Volcatio
1128 4027 1185 4070 non
1201 4006 1287 4068 solum
1302 4004 1329 4062 in
1342 4022 1391 4064 nu-
